1467 1864
708 57 22 2 —
752 44 90 21 578
819 40 27 37 —

1409 112 12 2 f

241 121 112 22 Förklaring
365 120 20 19 af
397 121 88 18 tecknen:
498 123 24 20 >
534 121 148 23 bordläggning;
695 123 24 20 <
731 122 74 20 remiss;
818 124 24 17 ><
854 121 122 23 behandling;
1001 123 9 18 O
1026 121 123 18 meddelande
1163 127 29 12 om
1206 121 102 24 utgängen.

670 176 20 19 år
710 151 12 48 |
730 169 51 14 Hand
1047 163 114 14 Protokoll
1341 188 12 2 N

194 204 225 24 (Riddarhusordning.)
733 193 48 18 lingar
792 189 9 33 |
808 199 42 16 Ridd,
859 203 14 11 o.
883 199 48 14 Adeln
973 198 114 15 Prästeständet
1128 200 118 18 Borgarständet
1261 194 11 30 |
1286 198 115 15 Bondeständet

148 255 95 27 Förslag
263 256 34 20 till
318 262 31 20 ny
369 256 258 21 riddarhusord-|
656 259 46 19 1867
793 229 35 72 |<
873 260 9 16 I
918 259 22 18 34

178 291 83 26 ning.

148 326 253 22 Riddarhusutskottets
420 327 120 21 skrifvelse
556 327 72 27 jämte
630 322 12 36 |
673 337 8 13 «
805 334 23 16 x
848 331 30 18 II
906 331 35 18 250

177 362 156 26 komparativt
347 363 86 26 förslag
446 363 34 21 till
494 363 145 25 riddarhus-
630 358 13 35 |
804 370 24 18 =
906 367 33 18 391

178 392 104 36 ordning.
637 397 1 3 |

148 439 253 21 Riddarhusutskottets
423 440 86 26 förslag
529 440 34 21 till
585 447 41 14 un-|
672 444 9 13 «
804 442 24 18 x
905 439 34 17 483

177 475 62 21 derd.
259 475 119 21 skrifvelse
397 477 32 19 att
447 475 81 27 ätfölja
546 476 80 20 försla-

177 512 36 24 get
228 510 33 21 till
277 517 31 20 ny
323 511 229 27 riddarhusordning.
949 517 1 10 |

147 546 260 26 Riddarhusordningen
424 547 24 20 af
463 548 43 20 den
524 548 26 19 21
568 546 58 27 april
948 541 2 38 |

179 582 62 20 1869.
948 599 2 2 |

148 640 477 23 Riddarhussekreterarensi
672 648 8 13 «
803 646 23 16 x
870 642 10 18 I
916 641 33 31 42|

177 676 109 21 anhållan
302 684 38 14 om
355 678 48 20 säte
418 678 43 20 och
477 678 99 20 stämma
592 677 33 21 sä-
948 674 1 36 |

177 718 50 14 som
246 712 132 27 fullmäktig
397 713 36 21 för
451 713 116 26 friherrlig
586 714 39 20 ätt.

147 771 478 22 Riddarhussekreterarensi
653 775 46 19 1877
802 776 24 21 >
863 774 18 18 H
904 774 35 18 677

176 807 110 21 anhållan
305 809 32 19 att
356 808 24 20 få
398 808 77 26 intaga
494 809 70 20 säte
582 808 43 20 och
628 803 15 36 |
652 812 47 18 —78
802 813 24 18 x
903 810 33 19 71

176 843 136 21 stämma
328 843 63 21 inom
408 844 158 26 ridderskapet
582 844 44 20 och

176 878 73 21 adeln.

146 949 115 27 Tolkning
277 950 24 20 af
316 946 14 28 $
347 951 28 19 36
392 950 25 21 R.
435 950 26 20 O.
478 950 7 20 i
502 950 123 26 anledning
628 942 13 38 |
652 954 47 18 1894
802 958 22 16 x
869 955 9 18 I
904 954 33 19 101

176 985 24 20 af
211 986 31 19 ett
255 985 72 21 första
339 985 168 27 finskspräkigt
519 986 105 26 yttrande

175 1020 38 21 vid
231 1020 171 27 ridderskapets
421 1022 43 20 och
481 1022 78 20 adelns
578 1022 46 25 ple-

175 1062 64 14 num.

146 1090 54 22 Mot.
221 1091 63 21 försl.
309 1089 50 27 (n:o
379 1090 21 26 4)
425 1098 38 14 om
484 1092 97 26 ändring
601 1092 24 20 af|
670 1104 8 12 «
904 1098 34 18 195

175 1123 14 28 $
210 1127 27 19 36
257 1126 25 21 R.
304 1127 26 21 O.
355 1124 270 30 (finskspråkiga
801 1136 23 18 x
903 1133 35 19 203

175 1156 210 37 yttranden).
800 1170 24 20 <
903 1170 34 17 246

145 1203 54 21 Mot.
219 1204 62 20 försl.
305 1200 49 28 (n:o
372 1201 21 28 5)
416 1210 38 15 om
474 1205 45 20 d:o.
670 1211 8 12 «
801 1208 23 18 >
902 1205 35 19 201

801 1243 22 19 <
903 1241 34 18 246

144 1274 254 22 Riddarhusutskottets
415 1276 151 20 betänkande.
670 1284 8 11 «
800 1279 23 19 >
902 1277 35 18 359

800 1316 23 16 x
902 1313 35 18 390

144 1380 81 21 Grefve
248 1381 110 21 Gustaf
380 1382 104 26 Philip
502 1381 113 21 Creutz
626 1382 1 7 |
651 1385 46 18 1904
800 1388 23 19 <
868 1386 9 17 I
914 1385 23 18 3

174 1417 43 20 och
234 1417 79 20 herrar
340 1417 136 21 Lennart
495 1413 146 34 Gripen-|
650 1421 46 18 —05

173 1452 97 26 bergs
295 1455 60 18 samt
381 1453 103 26 Georg
509 1453 114 20 Kuhle-

174 1487 81 21 felts
273 1489 45 20 rätt
336 1489 32 20 att
386 1488 91 21 infinna
495 1488 33 26 sig
547 1488 77 21 säsom

174 1522 233 27 folkrepresentanter
439 1523 35 21 till
507 1524 115 25 landtdag,

174 1558 72 20 ehuru
262 1552 245 37 landsförviste
527 1556 20 27 ($
562 1559 20 24 8,
597 1559 26 20 14
1388 1572 18 8 5

174 1593 43 21 och
235 1594 25 20 15
277 1594 26 20 R.
321 1591 45 27 O).

143 1628 289 22 Riddarhusdirektionens
470 1630 152 20 betänkande.
631 1624 10 36 |
668 1641 9 12 «
799 1639 24 17 x
913 1636 23 17 74

142 1663 281 22 Vicelandtmarskalkens
452 1665 43 20 och
523 1665 99 26 general-|
668 1677 9 12 «
913 1672 22 17 82

173 1701 155 24 guvernörens
345 1700 111 26 ätgärder.
799 1709 24 20 <
914 1707 22 18 83
