1531 1867
176 429 90 28 Frågan
289 437 36 14 om
349 429 148 22 utarbetande
521 429 23 21 af
567 432 31 19 ett
623 433 139 25 gemensamt
778 430 94 29 register
888 431 34 21 till
938 431 44 21 alla
998 431 38 22 vid
1052 431 110 22 Finlands
1180 431 213 28 ståndslandtdagar

104 472 118 21 tillkomna
237 471 142 28 handlingar,
396 471 93 21 hvilken
506 471 69 22 redan
591 471 97 28 tidigare
704 471 58 22 varit
778 473 94 21 föremål
888 473 35 21 för
934 473 181 29 öfverläggning,
1127 473 66 22 ledde
1205 473 39 22 vid
1255 473 138 28 landtdagen

106 516 24 19 år
147 513 56 22 1910
219 513 35 22 till
270 513 86 29 åtgärd,
372 513 30 22 då
417 513 151 28 landtdagens
584 513 228 23 Kanslikommission
829 515 125 21 utverkade
970 518 32 19 ett
1018 515 78 29 anslag
1112 516 35 21 för
1164 515 133 28 ändamålet,
1314 515 34 22 till
1364 523 27 14 en

105 556 78 29 början
208 556 80 27 12,000
311 555 45 26 mk,
376 558 58 19 samt
454 555 45 22 den
520 555 28 22 26
564 555 126 29 september
708 556 104 29 uppdrog
828 556 97 22 arbetets
941 557 125 28 främjande
1083 557 41 22 och
1141 557 169 23 öfvervakande
1326 559 23 20 åt
1364 565 29 14 en

104 598 152 26 kommission,
273 597 122 22 bestående
411 597 23 22 af
450 597 168 28 professorerna
632 598 82 21 Ernst
730 598 102 21 Gustaf
848 598 109 22 Palmén
974 599 41 21 och
1031 599 98 21 Kaarlo
1145 599 70 22 Juho
1233 599 159 28 Ståhlberg,

105 641 149 28 prokuratorn
274 639 94 23 Julius
389 639 159 22 Grotenfelt
567 640 42 21 och
625 639 97 22 filosofie
739 640 96 21 doktorn
852 640 108 22 Edvard
976 641 122 28 Gylling,
1116 641 52 22 med
1183 643 45 20 rätt
1242 641 36 22 för
1294 641 28 22 de
1339 643 55 19 åter-

106 682 92 22 stående
214 685 34 18 tre
264 684 38 24 att,
320 681 40 22 vid
375 681 76 21 förfall
466 681 36 21 för
517 683 82 27 någon,
615 681 57 21 fatta
688 681 80 22 beslut.
800 682 108 22 Arbetets
924 682 120 22 utförande
1060 683 180 21 öfverlämnades
1257 685 99 19 närmast
1372 685 22 19 åt

106 724 28 22 de
157 724 39 22 vid
219 723 139 29 landtdagen
378 723 46 22 fast
440 723 110 21 anställda
566 723 192 26 funktionärerna,
776 724 75 22 såvidt
867 724 64 22 deras
948 724 72 29 öfriga
1036 724 118 29 uppgifter
1170 725 81 21 sådant
1266 724 127 29 medgåfve.

177 766 64 22 Efter
256 766 40 21 det
311 772 105 22 program
432 765 36 21 för
484 766 39 21 det
538 765 133 22 alfabetiska
687 765 146 29 sakregistret
850 767 125 28 uppgjorts,
992 766 47 22 blef
1055 767 39 21 det
1103 767 156 28 föreliggande
1270 766 124 22 materialet

106 821 28 3 —
150 808 138 21 omfattande
304 807 50 22 icke
370 807 88 21 mindre
474 810 30 18 än
520 807 42 21 217
578 807 62 22 band
656 820 26 3 —
700 807 109 29 landtdag
824 808 36 21 för
875 808 110 29 landtdag
996 811 174 26 genomgånget,
1181 809 73 21 under
1265 808 130 28 fördelning

106 850 22 22 af
151 850 121 29 uppgiften
298 850 96 21 emellan
420 849 150 29 landtdagens
596 849 162 26 bibliotekarie,
782 850 99 21 filosofie
907 850 81 22 doktor
1013 851 67 21 Axel
1104 851 115 21 Herman
1242 850 152 28 Bergholm,

105 892 149 28 landtdagens
278 892 95 21 kanslist
396 892 81 21 fröken
500 892 94 21 Bärtta
617 891 105 26 Rainio,
745 892 80 21 chefen
845 892 35 21 för
896 892 52 22 dess
964 892 98 22 svenska
1077 892 79 27 kansli,
1173 892 99 22 filosofie
1288 892 107 28 magister

105 934 71 22 John
192 934 142 22 Grönlund
350 936 58 19 samt
423 934 151 28 landtdagens
590 934 144 26 sekreterare,
751 934 260 28 vicehäradshöfdingen
1030 934 73 22 Iivar
1118 935 100 26 Ahava,
1235 934 93 22 hvilken
1344 934 51 22 sist-

106 976 97 22 nämnda
225 976 112 22 handhaft
360 976 44 21 den
428 976 112 21 allmänna
561 976 123 28 ledningen
700 976 23 21 af
738 976 92 22 arbetet.
863 976 45 22 Det
923 976 23 22 af
962 976 60 22 olika
1037 984 108 21 personer
1161 976 95 22 sålunda
1271 976 124 22 insamlade

105 1018 125 22 materialet
252 1018 178 22 underkastades
455 1018 69 22 sedan
548 1018 23 21 af
594 1018 258 28 vicehäradshöfdingen
868 1018 80 22 Ahava
965 1018 45 22 den
1025 1018 36 22 för
1077 1019 65 28 tryck
1158 1019 84 29 nödiga
1258 1018 137 22 öfverarbet-

106 1060 90 29 ningen,
206 1060 70 29 jämte
292 1060 40 22 det
342 1060 34 22 till
388 1060 158 28 sakregistrets
557 1060 72 21 under
642 1060 95 28 ungefär
748 1060 157 22 tvåhundrade
916 1060 196 22 hufvudrubriker
1122 1060 8 22 i
1141 1060 145 29 kronologisk
1298 1060 97 29 ordning

106 1105 116 26 upptagna
237 1102 117 29 uppgifter
370 1102 84 21 anslöts
471 1104 33 19 ett
520 1102 106 21 särskildt
641 1102 95 27 register
752 1102 64 21 öfver
832 1105 32 19 ett
879 1110 40 20 par
933 1105 67 19 tusen
1014 1102 157 29 uppslagsord,
1182 1110 48 14 som
1242 1102 76 22 kunde
1330 1110 65 14 anses

105 1144 115 28 behöfliga
234 1144 36 21 för
285 1144 116 28 registrets
418 1144 156 28 begagnande.
598 1144 54 21 Med
667 1144 94 27 ledning
777 1144 23 21 af
816 1144 38 21 det
870 1146 29 26 pä
909 1144 76 21 finska
996 1144 128 29 uppgjorda
1134 1144 88 22 arbetet
1232 1144 48 21 blef
1290 1144 106 28 registret

106 1185 125 22 sedermera
255 1185 71 29 enligt
350 1185 187 22 kommissionens
556 1185 105 29 uppdrag
680 1185 126 22 öfverfördt
821 1185 8 21 i
845 1185 83 22 svensk
944 1186 67 21 dräkt
1026 1186 24 21 af
1065 1186 216 29 kollegiiassessorn,
1297 1185 98 22 filosofie

106 1227 80 22 doktor
202 1227 101 29 Sigurd
318 1227 215 29 Nordenstreng,
550 1227 96 22 hvarvid
662 1227 38 22 det
717 1227 69 22 redan
802 1228 91 21 utförda
910 1228 86 21 arbetet
1009 1231 123 26 yttermera
1142 1228 8 21 i
1161 1229 88 21 samräd
1260 1228 52 21 med
1323 1227 73 22 landt-

105 1269 84 29 dagens
213 1270 137 21 sekreterare
374 1269 183 22 kontrollerades.
589 1269 201 29 Hänvisningarna
814 1269 7 21 i
845 1269 28 22 de
890 1272 38 19 tvä
944 1269 142 29 upplagorna
1102 1270 77 21 afvika
1194 1270 51 21 frän
1260 1269 134 26 hvarandra,

105 1311 101 22 fränsedt
222 1311 44 22 den
282 1311 23 22 af
321 1311 115 29 spräkliga
451 1311 49 22 skäl
516 1311 121 29 betingade
654 1311 121 26 olikheten,
792 1311 80 22 endast
888 1311 41 22 där
945 1311 113 22 Ständens
1070 1312 112 28 protokoll
1193 1312 87 29 tryckts
1292 1311 7 22 i
1311 1311 84 22 dubbel

105 1353 105 29 upplaga,
227 1361 28 14 en
270 1353 36 22 för
322 1353 120 22 hvartdera
458 1353 98 29 spräket.
584 1353 79 22 Under
678 1353 60 22 olika
754 1353 86 22 skeden
856 1353 24 22 af
896 1353 38 22 det
950 1361 82 21 genom
1047 1354 220 28 representationens
1284 1361 110 14 samman-

104 1395 108 22 trädande
236 1395 76 22 tidtals
336 1395 106 22 afbrutna
464 1395 87 22 arbetet
575 1395 40 22 har
638 1395 177 22 kommissionen
840 1395 58 29 tagit
921 1395 127 22 kännedom
1065 1403 36 14 om
1118 1395 123 22 detsamma
1257 1396 41 21 och
1315 1395 80 22 därvid

104 1437 104 28 upptagit
231 1437 184 22 förekommande
439 1437 139 22 tvifvelsmäl
601 1437 34 22 till
659 1437 129 29 afgörande.
821 1437 159 29 Sakregistren
995 1437 101 29 förelägo
1112 1439 30 27 pä
1156 1438 59 21 bäda
1230 1438 98 28 spräken
1344 1437 51 22 full-

104 1479 104 28 ständiga
224 1479 41 22 och
281 1479 7 21 i
304 1479 152 28 tryckfärdigt
472 1479 64 22 skick
552 1479 40 22 vid
607 1479 84 22 medlet
707 1479 23 22 af
746 1481 24 20 &r
787 1479 64 22 1915.

173 1521 75 21 Jämte
270 1521 38 21 det
324 1521 75 21 beslut
415 1521 79 21 fattats
510 1528 37 14 om
563 1521 122 28 tryckning
701 1521 23 22 af
740 1521 44 22 den
801 1521 95 22 sålunda
912 1521 92 21 utförda
1019 1521 67 22 delen
1102 1521 24 21 af
1141 1521 92 26 arbetet,
1250 1529 29 14 en
1295 1521 99 28 uppgift,

104 1569 47 14 som
166 1562 50 21 från
232 1562 80 21 hösten
330 1562 57 22 1915
404 1563 88 21 kunnat
507 1563 75 28 fortgå
598 1566 55 18 utan
669 1563 91 25 afbrott,
776 1563 56 21 fann
848 1563 177 22 kommissionen
1042 1563 35 28 sig
1092 1563 54 21 böra
1156 1566 52 25 taga
1218 1563 8 21 i
1236 1563 158 28 betraktande,

102 1606 33 18 att
158 1603 115 29 registrets
297 1604 93 28 uppgift
413 1604 72 21 delvis
506 1605 72 21 skulle
597 1605 99 26 förfelas,
712 1612 36 14 om
765 1604 34 21 uti
815 1605 125 21 detsamma
954 1605 50 21 icke
1021 1604 116 29 inrymdes
1154 1605 67 21 äfven
1236 1605 86 28 nödiga
1337 1612 57 21 upp-

102 1644 116 29 lysningar
242 1645 116 28 angående
382 1645 176 29 landtdagarnas
583 1646 103 28 personal
710 1646 41 22 och
775 1646 123 22 arbetande
919 1646 90 21 krafter.
1043 1646 140 29 Visserligen
1199 1646 106 29 utgåfvos
1322 1646 71 22 under

103 1686 76 28 hvarje
203 1686 23 22 af
248 1687 28 21 de
300 1687 35 21 för
359 1687 63 21 tiden
444 1687 148 22 1863—1906
613 1688 123 21 infallande
753 1688 183 21 ständermötena
952 1688 110 21 särskilda
1078 1688 246 28 landtdagskalendrar,
1342 1695 52 14 men

102 1730 62 19 utom
187 1731 33 19 att
243 1728 65 22 dessa
331 1736 94 14 numera
449 1732 37 18 äro
510 1732 83 26 ytterst
616 1730 108 28 sällsynta
748 1730 54 21 eller
824 1729 106 29 omöjliga
946 1732 32 19 att
995 1729 84 22 erhålla
1096 1730 41 21 och
1153 1733 81 19 nästan
1250 1730 144 21 uteslutande
