1492 1859
624 67 25 3 —
668 54 87 22 683
737 50 23 38 —

44 122 4 1 j
180 127 94 31 Orklaring
287 121 20 27 af
310 121 96 28 tecknen:
420 134 23 18 >
455 132 148 22 bordläggning;
616 133 24 20 <
653 132 73 21 remiss;
739 134 24 18 ><
775 132 100 18 behandlin;
1310 121 14 1 N

913 134 18 18 O
943 132 123 18 meddelande
1079 137 30 12 om
1121 131 102 23 utgången.

648 180 50 14 Hand-
961 173 112 15 Protokoll
555 158 78 85 |
654 158 29 85 k
774 158 72 85 a

584 187 20 19 Ar

110 215 21 23 (s
132 215 21 18 ta
154 215 28 23 d.)
555 158 36 85 o
618 158 15 85 |
654 204 26 18 k
753 208 1 10 o
1008 162 319 77 =

724 210 42 14 Ridd.
775 213 14 12 o.
798 210 49 14 Adeln
864 204 2 29 |
885 205 118 26 Prästeständet
1044 205 116 26 Borgarständet
1201 210 114 14 Bondeständet

1020 249 2 2 T
1175 241 2 12 1

554 248 2 4 i
864 240 1 17 I

62 266 123 20 Petitioner
216 264 258 28 (Helsingfors,
502 267 41 19 Lo-
554 254 2 16 i
571 269 46 19 1809
864 271 1 31 |
976 270 35 17 375

92 302 69 21 visa
186 303 43 19 och
252 302 224 20 Tammerfors
501 299 55 23 stä-|
864 304 1 15 !
976 306 35 18 383

92 336 58 26 ders)
181 344 36 14 om
244 338 137 25 statsbidrag
406 338 33 20 till
465 338 78 21 aflö-
864 329 2 32 |
976 341 35 18 396
1330 338 1 7 |

91 375 105 20 nande
214 374 23 20 af
254 375 65 19 deras
337 374 207 25 magistrats-
864 370 2 31 |
1176 379 1 14 |

94 411 210 25 tjänstemän.

63 471 99 20 Petition
182 468 243 28 (Björneborgs)
446 477 38 14 om
502 472 43 18 sta-|
590 479 8 11 «

93 507 55 20 dens
166 506 163 21 bibehällande
345 506 39 20 vid
403 507 142 20 arrenderät-

93 545 38 18 ten
145 543 33 20 till
192 544 31 19 ett
236 542 36 21 för
286 543 134 20 densamma
434 542 122 26 behöfligt
548 538 12 34 |

92 579 154 26 jordomräde.

977 472 34 19 361

65 639 99 21 Petition
187 636 134 29 (Kajana
340 636 70 27 stads)
434 645 46 14 om:

126 677 36 19 1:o
188 675 211 26 försäljning
425 675 23 20 ät
474 676 72 20 stads-

49 723 1 6 '
94 712 71 20 borna
186 711 33 20 till
239 711 116 20 moderata
375 711 48 26 pris
441 711 24 20 af
483 712 63 23 säd,

49 761 1 16 |
94 748 77 25 mjöl
188 748 43 20 och
246 747 117 20 utsäde
377 753 27 14 ur
419 747 127 21 militärens

94 783 248 27 spannmälsmagasin;

125 821 37 19 2:0o
186 820 45 20 rätt
255 819 35 21 för
314 819 127 20 invånarna
466 821 34 19 att
524 819 23 20 få

94 856 83 25 köpa
196 857 55 19 säd
271 856 42 20 och
332 856 65 20 salt
417 862 26 14 ur
462 856 84 20 krono-

95 892 109 26 magasin,
221 892 75 20 därest
311 891 87 21 sädana
412 891 105 24 inrättas;

590 645 9 13 a

555 657 2 9 |

124 928 38 20 3:0
177 928 91 20 stadens
284 927 136 21 benädande
434 928 54 20 med
502 928 46 20 den

94 964 164 24 vedskatt,
272 970 48 14 som
335 963 129 21 invänarna
476 964 72 20 betalt

95 1000 33 20 till
157 1000 141 25 fästningens
325 1000 71 20 behof
423 1000 43 20 och
494 1000 53 20 med

95 1036 215 26 fästningens
329 1036 46 20 fem
396 1036 48 20 smä
463 1036 83 26 jord-

50 1088 1 9 |
96 1072 161 21 omräden.

50 1154 1 4 '
66 1132 97 21 Petition
184 1129 128 27 (Lovisa
328 1129 69 27 stads)
419 1138 38 13 om
474 1131 73 21 öfver-|
592 1136 8 11 +

50 1164 2 3 '
95 1169 91 20 lätande
212 1168 23 20 af
260 1167 111 21 särskilda
396 1167 36 21 för
456 1168 92 19 kronan

96 1204 129 25 obehöfliga
245 1203 155 21 omräden
418 1203 23 21 ät
460 1204 86 20 staden.

66 1277 98 20 Petition
184 1274 217 26 (Tavastehus
418 1273 70 27 stads)
510 1281 48 22 om,
592 1279 8 11 <

50 1307 2 19 '
96 1313 144 20 skänkandet
255 1312 32 20 till
302 1312 79 20 staden
396 1311 24 21 af
434 1311 113 21 Hätilä

96 1344 303 34 kaptensboställe.
557 1351 1 19 |

68 1420 56 20 Näd.
139 1426 64 20 prop.
218 1427 40 13 n:o
272 1421 26 19 27
314 1427 37 13 om
367 1418 191 27 reorganisation
551 1414 13 37 |
574 1428 46 18 1863

791 1427 8 18 1
835 1427 24 18 47
945 1428 9 17 I
992 1427 23 18 18
1102 1427 8 18 I
1147 1427 22 18 1
1178 1428 2 27 |
1254 1427 9 17 I
1303 1426 22 18 19

96 1456 24 20 af
146 1457 117 20 städernas
290 1455 331 27 kommunalför-|
587 1451 36 35 64
722 1465 23 20 <
825 1463 34 18 129
878 1465 23 20 |<
992 1463 23 18 55
1034 1465 23 20 |<
1147 1462 22 19 56
1178 1457 33 27 |<
1302 1462 23 18 26

96 1492 108 20 valtnin
238 1497 18 21 g.
557 1494 1 13 |
1024 1511 1 11 |

51 1523 1 24 :
88 1528 216 20 Ekonomiutskottets
317 1527 147 21 betänkande
476 1534 42 14 n:o
530 1526 29 33 1.1
592 1542 8 11 «
722 1537 24 20 >
780 1535 19 17 H
825 1535 76 22 9899/>
936 1535 20 17 H
1005 1535 53 21 3:>
1093 1535 17 16 H
1148 1534 63 22 133i>
1244 1535 18 16 H
1314 1534 11 17 4

51 1565 1 3 i
723 1574 22 16 x
771 1571 27 17 Il
837 1570 64 23 26/>
993 1555 32 40 34
1041 1572 17 18 x
1136 1569 33 19 165
1176 1559 10 38 |
1188 1573 24 18 x
1303 1569 22 18 36

558 1622 1 8 |
723 1609 23 17 x
837 1606 23 18 37
867 1595 11 41 |
878 1609 24 17 x
993 1606 23 18 62
1035 1608 24 18 x
1135 1605 35 18 218

558 1643 1 14 i
879 1645 24 17 x
993 1635 32 25 87|
1035 1644 24 18 x
1135 1641 36 19 220

869 1670 1 21 i
1024 1680 35 27 [x
1135 1677 35 18 243

558 1719 2 20 |
1024 1716 34 17 [x
1135 1713 35 17 247
