1498 1861
729 69 30 4 —
776 57 88 21 748
842 53 27 37 —

262 133 112 24 Förklaring
387 133 19 19 af
418 134 90 18 tecknen:
530 135 12 20 >
557 134 148 23 bordläggning;
718 136 24 19 <
755 135 73 19 remiss;
842 137 23 17 ><
877 133 124 24 behandling;
1017 136 19 18 O
1050 133 123 18 meddelande
1186 139 30 12 om
1229 133 103 23 utgången.

754 171 51 29 Hand-
1074 175 114 14 Protokoll

758 206 48 17 lingar

693 189 20 19 År

831 212 42 15 Ridd.
883 215 14 11 o.
906 211 53 15 Adein.
972 205 4 30 |
997 211 113 14 Prästeständet
1128 206 2 26 |
1148 207 119 26 Borgarständet
1312 197 109 36 Bondeständet
1431 201 5 24 |

1127 242 2 52 |

168 299 88 21 Finska
278 299 175 26 deputationens
477 299 8 20 i
507 299 35 21 S:t
563 299 86 20 Peters-|
678 301 47 19 1809
941 302 22 17 27
1127 298 2 49 |

198 335 59 26 burg
271 335 132 21 inlämnade
418 336 95 20 underd.
530 334 119 22 memorial
1127 349 1 11 |

198 378 40 14 om
249 370 139 22 inrättandet
400 371 24 21 af
435 378 28 14 en
476 372 85 19 allmän
581 377 68 20 pen-
1127 365 1 3 |

198 407 179 21 sionsfond
401 408 43 20 och
468 413 39 15 om
529 407 122 26 fångne
1127 428 1 5 |

198 442 227 27 tjänstemäns
446 442 131 21 äterkomst.
1127 436 2 11 |
1284 452 1 14 H

169 478 27 20 H.
212 478 26 21 K.
254 479 53 20 M:ts
320 478 54 21 näd.
390 485 58 14 svar.
696 486 8 10 «
940 480 21 18 31
1127 488 2 6 |

200 218 163 28 Tjänsteman.

168 586 47 21 Pet.
231 593 67 14 mem.
317 583 107 28 (friherre
438 586 23 21 C.
475 587 26 20 E.
515 583 132 29 Carpelans)
657 579 13 37 |
696 596 8 11 «
826 589 24 21 <
940 588 23 18 55

199 628 38 14 om
255 622 157 21 utbetalandet
430 622 24 20 af
471 624 31 18 ett
519 622 37 20 ärs
581 628 68 20 pen-
972 637 1 17 i

199 658 73 20 sion
290 658 5 20 i
314 658 267 24 förskott
481 654 32 33 åt
527 654 60 33 dem,
601 664 48 14 som
972 663 1 19 |
1127 657 1 12 i

198 694 41 21 äro
257 694 141 26 berättigade
415 694 33 21 till
467 701 54 14 men
536 700 31 14 nu
585 695 41 19 äro
644 694 5 20 i
972 686 1 24 |

198 730 114 20 afsaknad
330 730 24 20 af
372 730 122 26 pensioner
512 730 53 21 eller
583 730 66 26 grati-
972 749 1 10 |

199 766 123 21 fikationer
338 766 53 20 frän
406 767 98 20 svenska
518 767 87 20 kassor.
971 760 2 28 |

169 802 177 26 Ridderskapets
372 803 44 20 och
442 803 80 20 adelns
546 802 104 21 enskilda|
696 809 8 12 «

199 838 194 21 besvärsutskotts
408 838 151 21 betänkande.

168 874 178 26 Ridderskapets
359 874 43 20 och
414 875 79 20 adelns
505 875 94 20 underd.
612 880 50 24 pe-;
695 881 9 12 «
972 871 1 14 |
1083 874 35 18 416

198 910 74 20 tition.
660 915 2 16 j

827 842 23 18 x
826 805 24 19 V

929 803 34 18 3

661 950 1 18 |
1127 962 2 16 |
1283 966 2 13 |

169 1017 47 20 Pet.
230 1017 62 20 försl.
310 1014 189 29 (Gyldenstolpes,
512 1018 32 19 att
556 1017 94 20 beaktas
655 1010 15 37 |
696 1025 8 11 «
827 1021 23 18 x
929 1017 33 18 371]
985 1021 18 16 0
1084 1017 74 21 10710
1240 1017 45 18 163!
1296 1020 18 17 o
1397 1016 34 18 170

199 1053 37 20 vid
256 1046 10 37 —
278 1050 138 27 fredsslutet)
454 1059 37 14 om
525 1052 125 27 pensio-
982 1056 24 18 x
1084 1053 35 18 113

198 1095 76 14 ners
300 1089 148 20 utbetalande
475 1088 52 21 frän
553 1089 98 20 svenska

199 1125 190 25 pensionskassor
402 1125 43 20 och
460 1125 73 20 andra
545 1124 106 21 stiftelser

199 1160 35 20 till
248 1160 110 21 Finlands
372 1161 77 20 därtill
464 1160 141 26 berättigade
618 1160 33 19 in-

199 1196 85 21 vänare
301 1197 53 20 eller
371 1197 42 20 ock
431 1196 129 27 beviljande
577 1196 24 20 af
617 1198 33 18 ut-

199 1232 109 26 brytning
324 1232 24 20 af
363 1233 77 19 desses
455 1232 139 26 tillständiga
610 1233 40 19 lot-

199 1269 40 19 ter.
661 1288 2 14 |

170 1303 177 26 Ridderskapets
360 1304 43 20 och
416 1304 79 20 adelns
506 1304 95 20 underd.
614 1310 36 19 pe-
658 1299 14 35 |
697 1309 8 13 «
1085 1303 33 18 421

200 1339 73 21 tition.
973 1349 2 10 i

170 1446 181 21 Bondeständets
373 1449 44 24 pet.
439 1447 63 21 försl.
524 1454 38 14 om
582 1447 69 20 inrät-j
697 1452 8 13 «
1397 1445 34 18 253

199 1483 69 20 tande
280 1482 23 21 af
315 1489 29 14 en
360 1483 292 26 pensionsanstalt

200 1518 35 20 för
263 1519 98 25 uttjänte
387 1519 104 20 civile
517 1519 134 20 ämbets-

200 1554 70 20 män
295 1555 43 19 och
356 1555 66 20 deras
440 1555 75 20 änkor
532 1555 43 20 och
593 1555 58 19 barn

200 1592 59 18 samt
282 1596 36 14 om
340 1590 259 26 krigsmanshus
619 1590 34 20 till

200 1626 124 21 understöd
348 1625 24 21 ät
394 1626 106 26 uttjänte,
525 1626 127 20 blesserade

200 1661 43 20 och
258 1661 97 21 vanföre
368 1661 125 26 krigsmän.
