1531 1870
139 85 109 22 affattade
273 88 29 28 på
325 86 103 27 svenska,
450 89 38 20 äro
511 87 29 21 de
563 88 73 20 såsom
654 87 110 21 utkomna
781 86 37 22 vid
834 85 150 29 landtdagens
999 85 79 28 början
1094 84 168 29 ofullständiga,
1280 87 54 19 enär
1350 92 78 15 senare

138 128 94 22 tillsatta
256 129 87 21 utskott
366 129 42 21 och
431 129 73 22 under
520 128 149 29 landtdagens
685 128 54 29 lopp
755 128 83 21 timade
854 127 264 30 personalförändringar
1133 127 127 22 merendels
1275 126 50 23 icke
1341 127 88 22 kunnat

138 170 8 21 i
162 170 52 22 dem
230 173 118 26 upptagas.
380 171 35 21 De
435 171 35 21 till
491 170 59 22 olika
566 170 191 28 ståndsprotokoll
773 169 35 29 sig
824 169 134 22 anslutande
974 169 224 29 personalregistren,
1215 169 41 21 där
1272 169 84 21 sådana
1372 169 56 21 före-

139 212 96 27 komma,
252 214 38 19 äro
306 214 48 20 åter
369 212 91 22 utförda
476 212 22 22 af
514 212 60 22 olika
590 219 107 21 personer
713 212 42 21 och
770 211 53 22 med
839 211 111 23 växlande
966 211 164 29 noggrannhet,
1147 211 93 22 hvarför
1255 211 28 22 de
1294 210 58 23 blott
1363 211 66 22 ofull-

140 254 101 28 ständigt
264 254 57 28 fylla
345 254 85 22 bristen
454 254 6 22 i
482 254 70 29 fråga.
585 253 184 23 Kommissionen
793 254 41 21 har
857 253 85 22 således
964 253 76 21 funnit
1062 260 27 14 en
1106 254 36 21 för
1157 253 43 21 alla
1216 253 110 22 Finlands
1342 253 87 22 stånds-

139 295 136 29 landtdagar
291 296 57 21 efter
365 296 57 22 1808
438 296 114 29 uppgjord
568 296 101 28 enhetlig
684 295 230 29 landtdagskalender
930 302 53 14 vara
999 302 28 14 en
1044 295 35 21 för
1095 295 45 22 den
1152 295 94 22 afsedda
1257 295 173 29 publikationen

140 337 157 29 oundgänglig
320 338 44 26 del,
386 341 57 19 samt
466 338 150 22 öfverlämnat
634 338 51 21 dess
701 338 120 21 utförande
838 339 22 20 åt
876 337 113 29 professor
1006 337 69 22 Axel
1090 337 153 29 Bergholm,
1260 337 81 22 därvid
1357 339 73 20 såsom

140 380 54 28 plan
210 380 110 28 angifvits
336 383 33 19 att
385 380 27 22 de
429 380 52 22 med
497 380 110 22 särskilda
622 380 106 28 uppdrag
744 379 147 23 ombetrodda
907 386 137 21 personerna
1060 379 69 22 borde
1145 379 109 29 landtdag
1270 379 36 21 för
1321 379 109 29 landtdag

141 422 129 28 uppräknas
286 422 8 21 i
310 422 62 28 följd,
389 422 115 22 hvarefter
520 422 107 28 slutligen
644 429 27 14 en
688 421 130 22 alfabetiskt
834 421 86 21 ordnad
937 421 143 29 förteckning
1096 421 70 22 borde
1182 424 102 26 upptaga
1300 421 43 21 alla
1358 421 72 21 landt-

141 463 110 28 dagsmän
267 464 41 21 och
324 464 51 21 med
392 464 139 21 nämnvärda
547 464 105 29 uppdrag
668 464 146 21 ombetrodda
830 470 107 22 personer
952 463 38 21 vid
1002 463 249 28 ståndslandtdagarna,
1263 466 55 18 utan
1329 466 33 19 att
1372 463 58 22 dock

140 505 91 22 utöfver
254 505 81 29 själfva
358 506 284 29 landtdagsfunktionerna
664 505 104 22 meddela
783 508 69 19 annat
873 508 28 18 än
922 505 96 22 födelse-
1034 506 41 21 och
1092 505 82 22 dödsår
1190 508 58 19 samt
1263 505 97 22 lefnads-
1377 505 54 22 eller

141 547 201 29 ämbetsställning.
375 548 41 21 Att
440 548 7 21 i
471 548 75 22 denna
569 547 187 22 rekonstruerade
780 547 229 28 landtdagskalender
1033 550 101 26 upptaga
1156 547 164 28 hänvisningar
1336 547 95 22 rörande

141 589 169 22 vederbörande
327 592 191 26 representanters
534 589 220 29 landtdagsinitiativ
770 589 42 22 och
828 589 122 29 yttranden
966 589 40 21 har
1017 589 49 22 icke
1078 592 84 19 ansetts
1175 589 55 22 böra
1240 589 90 23 komma
1341 589 8 22 i
1360 589 70 28 fråga,

142 631 58 21 hälst
216 631 28 22 de
260 631 66 22 flesta
343 632 140 28 protokollen
499 632 7 21 i
522 632 81 21 sådant
619 631 106 22 afseende
741 631 69 22 redan
827 631 103 22 meddela
946 631 83 28 nödiga
1045 631 173 29 upplysningar.
1243 631 8 22 I
1268 631 100 28 enlighet
1380 631 52 22 med

142 673 187 22 kommissionens
346 673 74 22 beslut
436 674 68 21 hafva
520 674 110 21 särskilda
645 673 202 29 kompletteringar
863 673 109 28 vidtagits
988 673 52 22 med
1055 673 95 29 ledning
1163 673 70 22 bland
1244 676 68 19 annat
1323 673 25 21 af
1358 673 74 22 landt-

142 715 111 28 dagarnas
278 716 102 28 otryckta
403 716 142 29 handlingar,
567 723 47 14 som
638 716 58 21 dock
720 715 117 22 befunnits
861 715 146 29 synnerligen
1029 715 168 29 ofullständiga,
1214 715 92 22 hvarför
1322 715 110 22 särskilda

142 757 168 29 upplysningar
325 757 49 22 icke
390 765 69 21 synas
475 765 94 14 numera
584 758 78 21 kunna
677 757 87 22 vinnas.

215 799 11 21 I
242 799 106 22 afseende
364 802 13 19 å
392 800 98 22 arbetets
506 800 120 22 utförande
642 802 37 19 må
694 800 36 21 för
746 800 70 29 öfrigt
831 803 99 22 nämnas,
948 802 32 19 att
996 799 66 22 enkla
1078 800 80 21 tecken
1175 802 85 19 ansetts
1278 807 53 14 vara
1346 798 86 29 lämpli-

144 849 53 20 gare
213 844 29 19 än
258 841 71 22 starkt
345 842 130 22 förkortade
491 842 264 28 bokstafsbeteckningar
771 842 35 21 för
823 841 138 30 angifvande
977 842 23 21 af
1016 842 27 21 de
1054 841 60 22 olika
1124 844 130 19 momenten
1265 841 40 22 vid
1315 841 117 29 frågornas

143 883 140 29 behandling
299 883 6 22 i
322 884 102 21 stånden.
457 884 163 29 Förklaringen
636 884 23 21 af
675 884 65 21 dessa
756 885 80 20 tecken
853 883 122 22 återfinnes
992 884 106 21 ofvanom
1114 883 78 29 hvarje
1208 883 54 22 sida.
1294 884 11 21 I
1322 883 45 22 den
1387 883 45 22 bio-

144 925 100 28 grafiska
260 925 65 21 delen
342 926 23 20 af
380 926 88 22 arbetet
484 927 68 21 hafva
568 926 214 28 dagbestämningar
798 926 47 21 ofta
861 926 57 21 varit
935 926 83 28 nödiga
1034 926 142 21 beträffande
1190 926 29 21 de
1230 925 24 22 af
1264 925 169 22 vederbörande

144 966 131 22 handhafda
290 967 140 29 uppdragen.
459 968 35 21 Då
510 970 60 19 stora
586 968 111 21 olikheter
712 968 88 21 kunnat
816 968 138 21 förekomma
970 967 7 21 i
994 968 38 21 det
1048 970 50 23 sätt,
1116 969 28 27 på
1160 967 88 22 hvilket
1264 966 169 22 vederbörande

145 1009 73 21 under
234 1009 60 21 olika
310 1009 58 22 tider
384 1010 91 22 tecknat
491 1010 39 22 sitt
546 1018 74 18 namn,
637 1010 41 21 har
694 1010 38 21 det
748 1010 23 21 af
782 1010 87 22 enhvar
880 1009 51 29 själf
941 1009 133 29 begagnade
1085 1009 123 22 skrifsättet
1219 1009 57 21 efter
1287 1008 146 29 möjligheten

144 1051 65 21 alltid
224 1051 127 29 iakttagits;
368 1052 7 21 i
392 1052 38 21 det
446 1052 133 22 alfabetiska
594 1052 106 28 registret
715 1052 41 21 har
772 1052 58 22 dock
846 1052 38 22 det
900 1054 76 19 senast
986 1051 104 29 gällande
1101 1051 125 22 skrifsättet
1236 1051 69 28 följts,
1314 1051 70 28 jämte
1396 1050 38 22 det

144 1092 152 22 afvikelserna
312 1093 108 22 beaktats.
445 1094 12 21 I
472 1094 148 22 betraktande
636 1094 68 22 äfven
720 1094 23 21 af
758 1102 28 14 en
803 1094 126 28 aflägsnare
945 1093 103 22 framtids
1059 1093 69 22 behof
1138 1093 69 22 hafva
1219 1092 38 22 vid
1268 1092 166 22 betecknandet

145 1134 23 22 af
189 1135 168 22 vederbörande
379 1136 88 22 utskott
487 1136 81 22 endast
587 1136 84 22 sådana
691 1136 169 28 förkortningar
880 1136 119 25 användts,
1016 1135 77 22 hvilka
1109 1138 37 18 äro
1163 1134 88 30 tydliga
1267 1137 55 19 utan
1338 1134 96 22 särskild

144 1176 133 29 förklaring.

218 1218 32 22 Af
269 1219 138 29 landtdagen
427 1220 41 21 har
488 1220 35 21 för
543 1220 120 21 utförande
679 1220 23 20 af
717 1227 31 14 nu
764 1220 173 28 ifrågavarande
954 1219 75 22 arbete
1045 1219 109 29 anslagits
1172 1218 165 28 sammanlagdt
1352 1218 82 26 48,000

145 1261 70 25 mark,
232 1268 52 14 men
300 1261 29 21 då
341 1261 85 29 jämväl
442 1261 142 29 trycknings-
600 1262 42 21 och
658 1261 272 29 inbindningskostnader
943 1262 89 21 komma
1043 1261 41 26 till,
1096 1260 64 22 torde
1171 1260 97 29 ungefär
1278 1260 82 26 30,000
1371 1260 63 22 mark

145 1304 123 25 yttermera
284 1302 71 22 blifva
370 1302 121 29 behöfliga.

218 1344 143 29 Helsingfors
377 1345 44 21 den
439 1345 27 21 14
482 1353 59 14 mars
559 1345 63 22 1916.
