1484 1864
763 60 23 2 —
808 47 88 21 188
871 43 28 36 —

303 108 110 42 Förklaring
425 123 20 18 af
457 124 88 18 tecknen:
558 125 23 21 >
594 114 148 33 bordläggning;
755 127 23 18 <
792 125 72 19 remiss;
877 127 23 17 >
913 124 122 22 behandling;
1051 127 18 18 O
1084 124 121 18 meddelande
1219 130 29 12 om
1262 124 101 23 utgången.

1106 166 113 13 Protokoll

728 179 21 19 Är
791 172 44 27 [1008

793 196 47 18 lingar

253 190 101 44 (Handel.)
868 202 41 15 Ridd.
920 205 12 11 o.
944 202 47 13 Adeln
1004 192 12 35 |
1035 201 111 15 Prästeständet
1161 192 10 35 |
1187 201 117 18 Borgarständet
1319 196 1 27 |
1344 201 112 14 Bondeständet

207 256 180 23 Bondeständets
406 259 96 20 underd.
521 259 102 26 petition.

206 328 181 23 Prästeständets
406 331 96 20 underd.
522 330 101 27 petition.

207 429 180 23 Bondeständets
403 433 45 24 pct.
466 431 63 22 försl.
549 429 78 27 (mom.
646 430 36 27 20)

236 472 38 14 om
289 467 159 26 utsträckning
463 468 23 20 af
522 469 163 25 allmogens

236 501 106 22 frihet
365 505 32 19 att
419 503 50 21 föra
491 505 44 20 och
557 504 128 21 afsätta

235 537 51 21 sin
324 543 55 22 egen
418 540 44 20 och
492 540 50 20 sina
573 545 112 21 grannars

235 573 89 22 afvel
354 575 43 20 och
427 575 128 27 slöjder
584 576 34 21 till
640 576 45 21 alla

235 610 73 20 under
334 610 107 27 Ryska
468 611 88 21 riket
582 612 103 21 hörande

235 645 136 22 hamnar
389 647 43 20 och
451 649 96 19 orter.

205 681 181 22 Bondeständets
403 683 96 21 underd.
516 683 101 26 petition.

205 753 177 27 Ridderskapets
411 755 43 20 och
481 755 78 21 adelns
588 755 95 21 underd.

234 789 102 26 petition.

205 872 180 23 Bondeständets
402 876 45 24 pet.
465 874 62 21 försl.
548 871 77 27 (mom.
644 871 36 28 21)

233 915 40 14 om
291 909 152 22 fortfarandet
459 910 24 20 af
521 911 162 25 allmogens

234 945 67 20 rätt
332 945 33 20 till
397 946 75 26 byte
496 947 43 20 och
562 946 121 21 handel

233 981 53 20 med
312 981 142 21 hvarandras
479 982 126 26 produkter
631 982 51 20 obe-

233 1016 109 21 hindradt
356 1017 166 21 allestädes
555 1017 43 21 och
611 1017 72 21 alltid.

205 1051 180 22 Bondeständets
404 1054 95 20 underd.
518 1053 103 26 petition.

203 1165 104 20 Postulat
322 1172 39 13 om
376 1165 130 22 inrättande
522 1166 24 21 af
561 1168 31 19 ett
607 1167 75 20 salt-

233 1201 44 20 och
301 1201 350 27 spannmälsmagasin
675 1202 7 20 i

232 1236 134 27 Kajana.

203 1330 57 21 Näd.
280 1337 65 20 prop.
365 1338 31 15 no
415 1333 28 20 44
462 1339 37 14 om
520 1333 28 20 fri
567 1339 114 20 spann-

231 1363 219 36 mälshandel.
708 1373 48 18 —64
860 1381 22 20 <
962 1369 76 35 134/<
1129 1371 65 35 56|<
1285 1377 65 20 61|<
1440 1376 15 18 4

202 1401 239 24 Ekonomiutskottets
454 1404 145 21 betänkande
611 1411 40 14 n:o
661 1405 19 20 2.
688 1397 12 37 |
726 1413 10 14 «
807 1413 7 12 «
860 1417 22 19 [>
916 1415 21 18 1
961 1415 77 22 624/>
1116 1414 35 18 366
1164 1408 6 33 |
1171 1416 23 19 >
1273 1413 35 18 297
1321 1407 6 33 |
1327 1413 23 19 >
1428 1412 27 18 25:

859 1451 23 20 >
961 1450 35 18 787]
1116 1450 34 18 411|
1178 1441 16 29 x
1272 1449 35 18 344
1315 1437 12 41 |
1326 1451 24 16 x
1427 1448 27 18 26

859 1489 24 17 x
960 1486 36 17 T87
1003 1482 8 30 |
1015 1489 23 17 x
1116 1486 35 17 414
1161 1488 33 18 x
1273 1485 34 18 359

202 1509 140 21 Ständernas
356 1511 96 20 underd.
467 1517 57 14 svar.
727 1521 8 12 «
806 1521 8 12 «
859 1525 23 17 [x
917 1521 30 19 IHI
973 1522 65 20 2ix
1074 1522 20 17 HI
1127 1522 66 21 44/>
1233 1521 21 18 HI
1296 1521 53 20 7>
1382 1519 21 18 H

1170 1559 24 18 x
1285 1557 22 18 14
1316 1550 9 35 |
1439 1555 12 18 3

202 1576 57 21 Nåd.
286 1577 101 22 förordn.
414 1579 24 20 af
455 1579 44 20 den
517 1579 26 20 12
561 1579 120 20 december

233 1613 63 20 1864.

201 1647 58 21 Näd.
276 1648 102 22 förordn.
396 1656 38 14 om
451 1650 229 25 socknemaga-
1159 1643 2 39 i

230 1684 90 21 siner
336 1685 24 20 af
374 1691 90 14 samma
477 1686 86 20 datum.
1159 1689 2 32 i
