1500 1859
628 58 24 4 —
675 45 88 22 769
744 41 22 37 —

164 119 111 32 Förklaring
288 109 21 42 af
318 113 90 28 tecknen:
421 125 23 19 >
457 123 148 23 bordläggning;
619 125 23 19 <
655 123 73 21 remiss;
741 125 24 18 ><
777 122 122 24 behandling;
915 126 19 17 O
945 123 122 18 meddelande
1081 129 30 12 om
1124 124 102 22 utgängen.

588 178 21 18 Ar
630 157 15 43 |
653 170 52 14 Hand
974 165 113 14 Protokoll

117 196 244 38 (Undsättningsätgärd.)
653 194 48 17 lingar
712 190 12 33 |
735 200 42 16 Ridd,
786 204 15 11 o.
809 200 49 14 Adeln
869 190 11 33 |
898 200 113 14 Prästeständet
1025 190 9 33 |
1047 200 118 18 Borgarständet
1179 190 12 33 |
1204 200 114 15 Bondeständet

70 259 102 20 Postulat
198 255 144 27 (Korsholms
363 264 70 14 norra
455 254 93 28 härads)
553 250 13 37 |
578 260 46 18 1809
1295 260 35 18 207

100 301 38 13 om
154 295 40 19 d:o
209 300 30 14 m.
256 300 30 14 m.
1193 300 24 17 x
1307 297 23 17 46

1193 335 24 18 x
1307 332 23 18 48

71 366 156 20 Talmannens
254 366 43 20 och
324 366 168 20 sekreterarens
513 372 39 14 an-|
598 373 9 13 «
1196 372 19 17 o
1309 368 21 18 18

101 403 85 23 mälan,
203 404 33 19 att
253 403 27 20 de
297 402 33 20 till
348 402 204 26 generalguvernö-

101 446 40 13 ren
178 438 123 20 framburit
336 438 128 20 ombudens
501 437 52 21 från

102 474 190 26 Uleäborgs,
312 475 83 19 Vasa
413 474 44 20 och
477 474 75 20 Kuo-

101 511 54 26 pio
177 511 52 20 län
251 510 91 21 önskan
365 516 37 14 om
426 510 127 26 skyndsam

102 546 223 26 undsättning
355 547 52 20 med
439 552 114 20 spann-

102 583 62 20 mäl
187 583 43 20 och
253 582 42 21 fätt
318 583 58 19 hans
400 587 154 21 gynnsamma

102 626 58 14 svar.

74 691 119 27 Uppgifter
205 698 38 14 om
261 690 161 21 saltbrist
439 690 43 21 och
495 690 59 26 höga!
599 696 8 12 «
986 690 35 18 367

102 727 91 27 saltpris
219 729 59 19 samt
325 726 229 26 undsättnings-
986 726 36 18 369

103 763 116 26 ätgärd
238 763 52 20 frän
308 763 120 26 Ryssland.

74 835 180 21 Bondeständets
271 837 44 24 pet.
333 835 62 20 försl.
417 832 80 27 (mom.
517 830 34 28 18)|
599 839 8 13 «
730 835 23 21 <
832 834 34 18 195]
885 838 24 18 x
998 834 24 18 67
1030 824 9 36 |
1041 837 24 17 x
1143 834 34 18 101
1196 837 24 18 x
1311 833 23 18 56

104 878 38 14 om
154 872 89 20 landets
255 871 120 21 förseende
388 871 53 20 med
454 870 100 21 tillräck-
730 872 23 20 >
832 870 35 18 238
1143 869 35 18 109
1185 864 9 33 |
1197 873 24 18 >
1311 869 23 18 64

104 908 40 26 ligt
172 908 65 20 salt
265 908 43 20 och
336 906 83 27 prisets
447 906 108 21 nedbrin-
731 908 23 18 x
833 906 33 18 251
1195 898 27 35 [0]
1300 905 34 18 102

104 941 79 34 gande.
1196 937 25 33 [0]
1301 942 33 18 139

75 980 180 20 Bondeståndets
270 980 95 20 underd.
381 979 102 26 petition.
600 983 9 13 «
1300 977 35 18 238

1301 1013 34 18 245

75 1052 176 26 Ridderskapets
264 1052 43 20 och
320 1052 78 20 adelns
409 1051 97 21 underd.
518 1056 38 20 pe-|
601 1055 8 12 «
988 1049 36 19 412

105 1088 72 20 tition.

75 1160 128 20 Postulater
236 1166 37 14 om
306 1159 250 25 fiskarbefolkningens|
601 1162 8 13 «
1302 1156 34 18 200

105 1196 164 26 bispringande
288 1196 53 20 med
360 1195 105 26 billigare
484 1195 72 20 salt.
1302 1192 34 18 228

76 1280 104 20 Postulat
197 1286 38 14 om
253 1281 116 25 transport
388 1279 24 20 af
430 1279 66 20 salt
514 1278 43 21 och|
601 1282 9 12 «
1303 1276 34 18 200

106 1317 72 19 andra
205 1316 177 20 förnödenheter
407 1315 34 20 till
469 1314 89 21 Kemi

106 1352 66 20 älfs
192 1352 119 26 mynning,
331 1358 38 14 om
389 1352 98 25 gränsen
507 1351 50 20 dra-

106 1393 36 20 ges
161 1388 126 25 västligare.

77 1472 103 20 Postulat
211 1478 38 14 om
281 1470 224 21 =tillhandahällande
536 1469 23 21 afj
603 1472 8 13 €
1303 1466 35 18 226

107 1508 65 20 salt
189 1507 34 21 till
241 1507 48 20 salu
312 1507 3 20 i
332 1506 148 21 Karelen.

78 1591 227 25 Tacksägelseadress
322 1590 35 20 till
373 1590 125 26 Rysslands
516 1589 43 21 och
561 1582 11 38 |
586 1586 45 18 1863
734 1587 23 19 <
801 1586 9 17 I
836 1586 77 22 204i<
955 1586 9 18 I
992 1586 77 22 163j>
1113 1586 10 18 I
1159 1586 65 21 53/>
1270 1586 9 17 I
1315 1585 23 18 93

108 1626 101 26 Sveriges
241 1626 48 20 folk
321 1626 36 20 för
388 1622 244 24 understö-|—64
1047 1624 22 19 <
1159 1621 24 18 80|
1202 1624 23 18 x
1316 1621 22 17 97

108 1663 58 19 den
188 1662 34 20 till
242 1663 28 19 de
289 1662 208 20 nödlidande
518 1667 41 14 un-
1047 1659 23 19 >
1148 1657 33 18 107
1192 1651 6 34 |
1209 1661 15 15 x
1316 1656 22 18 99

108 1698 39 20 der
163 1700 88 18 senaste
267 1697 110 21 missväxt
393 1697 8 20 i
416 1698 83 19 landet.
1036 1696 34 28 |
1148 1692 35 18 128

1298 1763 17 14 97
