1489 1859
618 68 23 2 —
663 54 88 22 623
728 50 27 38 —

156 132 111 23 Förklaring
280 132 19 18 af
311 132 88 18 tecknen:
423 133 11 21 >
447 132 151 23 bordläggning;
611 134 24 20 <
648 133 74 20 remiss;
736 136 22 15 >
772 132 123 23 behandling;
919 134 9 18 O
943 132 123 18 meddelande
1079 138 30 12 om
1123 132 103 23 utgången.

641 163 51 35 Hand-
956 174 113 14 Protokoll

580 188 20 18 År
644 204 49 18 lingar

720 210 43 16 Ridd.
773 214 14 11 o.
797 210 48 14 Adeln
860 204 2 29 |
885 209 113 15 Prästeständet
1039 205 118 27 Borgarständet
1197 195 123 37 Bondeständet.

860 242 2 15 I
1016 241 2 16 I

59 267 103 21 Postulat
188 264 88 27 (Virmo
297 266 43 21 och
362 266 88 21 Vehmo
473 266 66 20 hära-
549 260 7 35 |
567 270 46 19 1809
860 260 3 66 |
1285 268 35 19 228

861 328 2 25 |

107 216 156 24 (Skatteväsen.)

89 300 59 27 ders)
173 309 38 14 om
233 302 99 26 lindring
353 302 7 20 i
381 302 158 26 salpeter-
1183 308 23 19 <
1297 305 23 18 33

91 339 153 26 afgiften.

61 386 127 21 Postulater
205 383 51 28 (Lill
271 386 108 21 Savolaks
394 386 49 21 öfre
456 386 85 19 härads
549 379 12 36 |
587 396 7 12 <
1173 407 1 5 |

91 419 128 30 domsagas)
251 429 38 14 om
317 423 107 20 häradets
451 421 91 21 mindre
1018 431 1 7 i
1174 432 1 9 |

91 464 153 21 gynnsamma
262 458 131 21 luftstrecks
413 458 130 21 beaktande

91 495 37 20 vid
159 494 76 27 frägor
266 501 39 14 om
334 494 208 21 beskattnin-

91 536 58 21 gen
180 531 43 20 och
255 537 38 14 om
323 530 220 27 mälkappans

92 567 92 21 storlek.

1184 427 24 56 NN

63 615 103 20 Postulat
197 612 60 27 (Stor
285 615 108 20 Savolaks
422 614 51 21 öfre
500 614 44 20 och|
589 624 8 11 «

93 652 69 20 nedre
174 651 110 20 häraders
295 648 128 29 domsagas)
440 657 40 14 om.
491 650 52 20 full-

93 687 103 27 följande
224 687 24 20 af
275 693 60 20 nya
361 687 183 25 skattlägg-

49 733 1 15 |
93 723 123 26 ningen
233 723 256 26 ochroteringen
509 723 36 20 för
1176 718 2 14 |

95 760 168 20 Savolaks.
866 768 1 11 i
1332 751 2 19 i

66 804 127 21 Postulater
226 802 116 27 (Karelens
372 804 49 21 öfre
450 801 92 27 härads)
550 797 12 36 |
591 815 8 12 «<
1290 807 34 18 225

50 839 1 37 |
97 837 18 28 1)
135 847 30 14 om
181 840 115 27 lindringi
309 840 236 26 kronoutskyl-

50 878 1 8 I
95 877 107 24 derna,
241 874 20 27 2)
297 883 37 14 om
365 877 181 25 skattlägg-

95 912 78 26 ning
209 913 57 20 efter
302 912 165 26 rubelräkning
504 912 43 20 och
1334 917 1 21 |

97 949 291 20 hufvudräntans
412 949 61 20 samt
505 948 42 27 jä-
868 961 1 17 i
1334 943 2 22 i

95 985 186 25 garfondens
318 984 142 27 repartering
477 984 13 20 å
507 991 40 19 ny-

96 1021 116 26 byggarne
231 1023 55 18 utan
306 1021 86 26 ökning
411 1021 24 20 af
453 1021 94 20 totalbe-
869 1040 1 3 !

52 1062 1 18 |
97 1055 121 28 loppet;
201 1051 30 36 3)
236 1063 37 14 om
295 1056 252 27 salpeterafgif-
1024 1055 2 9 |
1180 1048 1 29 |

97 1095 53 18 tens
186 1093 146 20 afskaffande
349 1093 43 20 och
409 1090 21 27 4)
452 1099 38 14 om
507 1084 53 29 ut-|
1025 1089 1 11 i

97 1129 201 26 skyldernas
336 1129 117 26 betalning
493 1129 56 20 efter

98 1165 176 26 markegängen.

1188 847 24 56 NA

68 1213 128 20 Postulater
223 1211 116 26 (Karelens
361 1213 71 20 nedre
454 1210 92 26 härads)
1294 1213 33 18 221

100 1246 19 27 1)
137 1255 39 14 om
190 1249 141 21 Karelens
364 1249 119 21 befriande
498 1248 51 21 från
1191 1253 24 20 <
1306 1249 22 18 33

99 1285 152 26 rotering
279 1287 48 19 mot
354 1286 43 20 den
426 1285 57 20 först
512 1284 37 27 pä-
871 1289 1 4 |
1191 1288 24 20 <
1306 1285 33 18 35|

54 1323 1 15 |
98 1321 90 26 bjudna
203 1321 226 27 jägarfonden
447 1327 52 14 men
518 1321 32 20 af-

55 1374 1 6 |
99 1357 105 26 lyftande
233 1357 23 20 af
285 1358 43 20 den
358 1357 124 21 dubbla
512 1357 51 26 jä-'

101 1393 232 26 garafgiften
357 1395 59 18 samt
439 1393 124 26 jägar-i

100 1429 236 26 spannmälens
366 1429 131 26 fördelning
519 1429 44 23 till;

100 1465 72 20 likhet
195 1466 84 20 mellan
302 1465 53 24 alla;
378 1462 21 27 2)
425 1471 38 14 om
486 1465 66 20 rän-

99 1503 73 18 tans
190 1502 125 25 utgörande
325 1501 79 20 endast
413 1501 57 20 efter
478 1501 74 26 jorde-
873 1520 1 5 i
1183 1512 1 3 i
1339 1495 2 11 i

56 1554 1 9 |
101 1537 75 20 boken
204 1537 69 25 enligt
301 1537 201 26 proklamationen
530 1536 34 25 af
553 1532 16 35 i
873 1533 1 4 i
1184 1561 1 3 |
1340 1534 1 15 |

101 1573 44 19 den
162 1573 26 20 18
202 1573 57 20 febr.
276 1573 64 23 1808;
356 1570 21 27 3)
396 1578 38 14 on
449 1573 104 19 ränte-
1184 1575 1 18 |

57 1634 1 3 |
101 1602 232 39 spannmälens
348 1602 142 39 levererande
511 1602 35 39 vid
555 1606 10 31 |
1184 1600 2 36 |

57 1643 1 35 |
102 1645 116 20 närmaste
245 1644 188 26 kronomagasin;
463 1641 20 27 4)
517 1640 48 26 om:
1184 1642 2 36 |

57 1680 1 3 |
1185 1679 1 22 |

1185 1702 1 36 |

102 1680 324 26 salpeterafgiftens
467 1680 87 20 afskaf-

102 1716 76 20 fande.
