1511 1861
716 61 24 3 —
762 48 87 21 794
832 44 19 37 —

258 125 110 24 Förklaring
381 125 19 18 af
412 125 88 19 tecknen:
513 127 24 20 >
549 125 147 23 bordläggning;
710 127 23 20 <
746 126 73 20 remiss;
832 128 23 18 >
867 126 123 22 behandling;
1014 128 9 18 O
1038 125 124 18 meddelande
1175 131 30 12 om
1218 125 102 23 utgången.

208 209 129 24 (Värnplikt.)

161 261 179 20 Bondeständets
352 261 139 26 inbjudning
502 262 31 19 att
544 261 97 20 omfatta

189 297 51 20 dess
278 297 73 20 beslut
391 303 38 14 om
467 296 173 21 vakansaf-

189 332 108 26 giften
330 333 44 20 och
407 332 34 21 till
474 332 166 26 prästeståndet

188 370 124 24 yttermera
341 375 37 14 om
408 368 61 21 vissa
497 368 143 26 paragrafers

189 405 295 25 grundlagsnatur.

159 440 255 26 Värnpliktsutskottets
434 441 72 20 andra
524 447 116 14 samman-

188 476 225 27 jämkningsförslag.

160 620 94 26 Förslag
280 622 31 18 att
339 621 80 19 lämna
445 620 195 26 värnpliktslagen

189 656 106 20 hvilande
311 656 33 20 till
360 657 67 19 nästa
443 656 113 26 landtdag,
573 657 66 19 hvar-

189 698 37 14 om
243 692 214 20 landtmarskalken
469 692 9 20 i
491 692 81 26 början
587 693 53 25 väg-

189 728 55 20 rade
257 728 149 26 proposition.

160 764 137 20 Ständernas
316 765 96 20 underd.
430 771 58 14 svar.
649 773 1 10 |

160 805 56 21 Näd.
233 806 130 20 manifestet
379 806 24 20 af
417 807 44 20 den
479 807 25 20 18
520 806 120 21 december

191 842 55 20 1878
262 848 37 14 om
315 842 60 20 vissa
391 842 144 26 paragrafers
551 842 7 20 i
573 842 66 20 värn-

188 878 139 26 pliktslagen
345 879 199 25 grundlagsnatur.

160 920 198 25 Värnpliktslagen
375 920 25 20 af
416 920 44 21 den
477 921 26 19 27
520 920 120 20 december

191 951 62 35 1878.
649 961 2 25 |

160 1003 56 20 Näd.
230 1003 69 26 kung.
314 1003 24 20 af
350 1004 44 20 den
409 1005 26 18 27
449 1004 119 20 december
584 1004 66 29 1878!

192 1036 72 26 (bifall
280 1039 33 20 till
327 1040 135 20 ständernas
478 1039 107 21 anhållan
601 1046 38 14 om

187 1075 154 26 propositions
352 1075 161 26 föreläggande
523 1075 117 26 angående

190 1117 30 20 ny
243 1111 104 26 strafflag
369 1111 36 21 för
427 1111 77 21 finska
525 1111 114 21 militären

189 1149 60 18 samt
272 1147 95 20 vakans-
392 1148 43 20 och
459 1147 180 26 passevolansaf-

188 1183 109 25 gifternas
316 1183 162 21 bibehållande
496 1181 142 27 tillsvidare).

160 1230 56 20 Nåd.
237 1231 102 20 förordn.
360 1231 24 19 af
403 1232 46 19 den
469 1232 11 18 7
501 1237 62 15 mars
584 1231 54 20 1881

192 1263 36 27 (de
240 1266 77 20 finska
330 1266 99 21 militära
442 1267 126 20 ärendenas
581 1267 57 20 före-

188 1299 129 29 dragning).

160 1349 55 21 Nåd.
229 1350 69 26 kung.
312 1350 23 20 af
347 1351 46 19 den
407 1351 24 19 15
445 1357 62 14 mars
521 1352 53 19 1881
592 1348 46 26 (fri-

188 1386 108 20 brefsrätt
315 1386 36 20 för
369 1386 160 26 kyrkoherdar
547 1386 8 20 i
573 1387 66 19 värn-

188 1419 189 28 pliktsärenden).

159 1469 56 20 Näd.
239 1469 101 21 förordn.
364 1470 23 20 af
409 1470 44 20 den
477 1471 13 19 9
512 1470 46 26 maj
584 1470 53 20 1881

192 1502 115 29 (kunskap
334 1506 7 20 i
367 1506 99 20 svenska
493 1506 42 20 och
562 1506 78 20 finska

188 1541 100 25 spräken
307 1541 83 20 villkor
409 1542 36 19 för
464 1542 134 20 besättande
616 1542 24 19 af

187 1576 71 26 tjänst
274 1577 39 20 vid
326 1577 61 20 finsk
404 1575 87 28 trupp).

159 1624 56 20 Näd.
237 1624 101 21 förordn.
359 1625 24 20 af
403 1625 45 20 den
468 1626 27 19 30
515 1625 124 20 november

190 1661 53 19 1881
264 1657 130 28 (reserven).
648 1672 2 11 |

668 263 46 18 1877

665 299 49 18 —78

746 164 49 27 Hand-
1056 167 115 14 Protokoll

746 197 48 18 lingar
805 192 9 33 |
820 203 42 16 Ridd.
871 207 14 10 o.
895 203 48 14 Adein
956 192 12 33 |
987 203 112 14 Prästeständet
1116 192 9 33 |
1139 202 118 19 Borgarständet
1270 192 11 33 |
1296 202 114 15 Bondeständet

1271 234 2 14 |

864 263 25 18 VI
906 263 88 22 17841>
1030 263 119 21 V32799/1>
1186 263 16 17 V
1216 254 57 35 2843]
1287 265 18 18 x
1332 263 26 17 IIT
1371 262 46 18 2100

816 301 23 19 >
906 299 46 18 1789
958 287 11 40 |
970 302 24 17 x
1060 299 47 17 3283
1116 287 7 40 |
1125 302 25 17 x
1216 290 57 26 2847
1266 286 11 41 |

816 338 23 17 x
906 334 46 18 1790
1060 334 46 18 3303
1271 331 1 4 |

970 374 23 16 x
1059 370 48 18 3320

970 410 23 16 x
1059 406 47 18 3335
1271 405 2 29 |

752 442 27 17 un
815 444 23 19 |1>
906 442 45 17 1833
964 438 6 30 |
970 444 23 19 >
1059 442 47 17 3317
1117 438 8 30 |
1125 443 23 19 >
1216 442 46 17 2878
1276 435 1 13 |
1292 443 12 20 >
1371 441 46 18 2115

811 474 32 30 pod
906 477 45 18 1834
958 473 9 31 |
970 481 23 17 x
1059 477 48 18 3320
1117 473 8 31 |
1125 479 23 20 >
1216 477 47 18 2880
1274 473 8 31 |
1282 479 22 19 >
1371 477 45 18 2117

815 517 23 16 x
905 513 45 18 1841
957 509 9 31 |
970 516 23 17 x
1059 513 47 18 3335
1114 509 11 31 |
1125 516 24 17 x
1217 513 45 18 2887
1271 511 2 35 |
1291 517 13 16 x
1371 513 45 18 2121

1271 547 2 16 |
1371 549 45 18 2131

814 582 25 30 [e]
905 585 46 18 1877
960 581 9 31 |
973 589 17 16 O
1059 585 48 18 3383
1114 581 9 31 |
1128 588 19 18 O
1216 564 86 62 29170
1371 585 46 17 2146

815 624 24 17 x
875 621 16 18 V
905 621 46 18 1335
1272 628 1 5 |

905 657 47 18 1348

815 696 24 16 x
865 693 28 17 VI
907 692 43 19 1841

763 770 8 11 «
