1509 1867
661 76 155 23 Personregister.

116 148 78 23 (Spåre,
202 148 46 18 Carl
261 148 108 23 Wilhelm,)

152 200 54 20 1867
218 199 6 20 i
236 199 158 26 ridderskapet
405 200 42 20 och
459 200 66 20 adeln
541 196 44 24 (för
595 200 60 19 ätten
668 199 56 21 Eke-

120 226 99 27 stubbe).
252 229 79 26 Suppl.
350 229 5 20 i
373 229 70 20 Ensk.
462 229 63 20 Besv.
545 229 59 20 utsk.

151 257 92 27 1877/78
260 258 5 21 i
281 258 158 26 ridderskapet
456 259 43 20 och
517 259 67 20 adeln
603 256 44 27 (för
663 259 61 20 ätten

120 285 121 28 Granfelt).

151 319 55 20 1882
229 318 6 20 i
258 317 157 27 ridderskapet
439 319 42 19 och
503 319 67 20 adeln
597 315 43 27 (för
663 319 60 20 ätten

121 345 145 28 Klingstedt).

116 409 83 28 Späre,
216 410 86 23 Gustaf
318 410 78 27 Adoli,

120 449 14 20 f.
150 450 62 23 1816,
226 447 15 25 t
257 450 61 20 1878.
349 449 146 26 Kronofogde
509 449 4 20 i
529 446 56 24 Öfre
598 449 125 21 Satakunta

120 479 121 20 medledels
263 479 71 21 härad
359 479 150 24 1860—1861,
533 479 190 26 kollegiassessor.

151 507 91 27 1863/64
259 509 6 20 i
281 509 158 26 ridderskapet
456 509 42 20 och
515 509 67 20 adeln
603 506 44 27 (för
663 510 60 19 ätten

120 536 170 29 Ehrenstolpe).

117 600 82 28 Späre,
216 601 86 22 Gustaf
318 601 61 22 Emil
397 601 92 27 Alfons,

120 640 14 20 f.
152 641 62 20 1858.
245 640 134 21 Affärsman
393 641 6 20 i
415 640 149 26 Helsingfors.

151 671 55 20 1899
222 670 5 20 i
244 670 157 26 ridderskapet
417 671 42 20 och
475 671 65 20 adeln
561 667 35 27 (fr.
613 671 27 20 25
656 668 67 29 apr.).

152 700 55 20 1900
223 699 6 21 i
246 700 157 26 ridderskapet
419 700 42 20 och
479 700 67 21 adeln
565 697 36 27 (fr.
619 701 13 20 8
648 697 75 27 febr.).

118 761 80 28 Späre,
216 762 87 22 Henric
321 762 96 27 Robert,

120 801 15 20 f.
148 802 62 24 1757,
222 799 14 24 I
249 802 62 20 1829.
330 802 95 20 Kornett
436 802 36 20 vid
485 802 164 25 lifregementet
661 803 62 19 1785.

120 832 88 25 Kapten
225 832 5 19 i
248 832 77 20 armén
345 832 61 20 1792.
438 832 84 20 Afsked
540 832 51 20 med
608 832 115 26 krigsräds

120 861 117 25 värdighet
258 861 61 21 1809.

152 891 55 21 1809
222 892 6 20 i
243 891 158 26 ridderskapet
417 892 42 20 och
475 892 73 20 adeln.

120 920 147 21 darhusutsk.

580 892 53 20 Led.
650 892 6 20 i
672 891 51 21 Rid-

118 981 80 29 Späre,
217 983 54 23 Karl
289 982 92 28 Gustai,

121 1022 13 20 f.
157 1022 62 24 1844,
240 1019 15 25 T
279 1022 61 21 1910.
377 1022 243 26 Vicehäradshöfding,
642 1024 81 20 under-

120 1052 139 20 sekreterare
279 1052 37 20 vid
338 1052 204 26 telegrafstyrelsen
567 1053 61 20 1875.
666 1053 57 21 Slut-

121 1081 57 26 ligen
192 1082 207 20 landssekreterare
411 1082 7 20 i
429 1082 122 26 Uleäborg;
565 1082 80 21 afsked
661 1083 62 20 1907.

151 1110 91 26 1877/78
260 1112 5 20 i
281 1111 158 26 ridderskapet
455 1112 43 20 och
515 1112 65 20 adeln
603 1109 44 27 (för
663 1113 60 19 ätten

122 1138 167 29 Ehrenstolpe).

117 1201 81 29 Späre,
216 1203 62 24 Knut
295 1202 90 24 Robert
401 1203 55 24 Karl
473 1203 105 27 Walirid,

120 1242 14 20 f.
154 1243 62 23 1831,
234 1240 14 24 +
267 1243 62 20 1903.
363 1242 79 27 Major,
460 1243 183 20 öfversteafsked
661 1244 61 20 1869.

119 1272 164 25 Telegrafchef.
313 1272 118 21 Guvernör
445 1273 64 20 öfver
522 1273 33 20 S:t
569 1272 95 21 Michels
678 1273 44 20 län.

120 1302 101 23 Senator,
239 1302 152 25 geheimeräd.

151 1330 91 25 1863/64
263 1331 5 20 i
287 1331 158 27 ridderskapet
465 1333 43 19 och
526 1333 73 20 adeln.

151 1362 53 19 1867
222 1361 6 20 i
244 1361 157 26 ridderskapet
417 1362 42 20 och
475 1362 73 20 adeln.
579 1362 54 20 Led.
651 1362 5 20 i
672 1362 50 21 Rid-

119 1391 147 20 darhusutsk.

151 1421 54 20 1872
224 1421 5 20 i
247 1421 158 26 ridderskapet
422 1421 42 20 och
483 1422 73 20 adeln.

151 1449 91 26 1877/78
262 1451 5 19 i
288 1450 157 27 ridderskapet
464 1451 42 20 och
526 1451 73 21 adeln.

151 1481 54 19 1882
219 1480 5 20 i
238 1480 158 27 ridderskapet
409 1481 42 20 och
465 1481 72 20 adeln.
559 1481 78 26 Suppl.
652 1481 5 20 i
671 1481 51 20 Rid-

94 1529 1 3 .
119 1510 147 20 darhusutsk.

150 1540 54 20 1885
223 1539 6 20 i
248 1539 157 27 ridderskapet
423 1541 41 19 och
483 1541 73 20 adeln.

150 1570 55 19 1888
223 1569 6 20 i
247 1569 158 26 ridderskapet
423 1570 42 20 och
483 1570 73 21 adeln.

150 1599 52 20 1891
218 1599 6 20 i
235 1599 157 26 ridderskapet
404 1600 42 19 och
459 1600 65 19 adeln
540 1596 43 27 (för
596 1599 52 20 frih.
661 1600 61 20 ätten

120 1626 171 27 Stjerncrantz).

150 1658 55 20 1894
223 1658 6 20 i
247 1658 158 26 ridderskapet
423 1659 42 19 och
483 1659 73 20 adeln.

150 1688 54 20 1897
230 1687 6 20 i
259 1687 157 27 ridderskapet
441 1688 42 20 och
507 1688 66 20 adeln
593 1685 45 25 (för
662 1688 60 20 ätten

120 1714 118 28 Procop6).

758 195 81 28 Späre,
857 196 148 21 Maximilian
1023 195 69 28 Hugo
1109 195 79 27 Adolif,

761 235 14 20 f.
795 235 62 20 1879.
891 234 190 26 Gardeslöjtnant.
1115 234 100 26 Kaptens
1233 233 86 21 afsked.

792 263 91 26 1904/05
901 264 6 20 i
923 263 157 26 ridderskapet
1098 264 43 20 och
1158 264 73 20 adeln.

792 292 91 27 1905/06
901 294 5 20 i
923 293 157 26 ridderskapet
1098 293 42 21 och
1158 294 73 20 adeln.

758 349 82 28 Späre,
858 350 81 25 Rafael
957 350 63 24 Knut
1036 350 97 27 Harald,

761 389 14 21 f.
790 390 62 20 1864.
873 389 108 26 Löjtnant
995 389 34 20 vid
1044 389 106 26 lifgardes
1163 390 200 25 ulanregementet.
1381 382 1 31 i

761 419 171 26 Generalmajor
946 419 36 21 vid
997 419 220 26 gardeskavalleriet,
1231 420 113 25 guvernör
1358 419 5 20 i
1381 415 1 27 |

760 449 141 21 Tavastehus
919 449 37 20 län
975 450 62 20 1911.
1381 450 2 27 |

792 480 53 19 1891
870 479 5 20 i
899 479 157 26 ridderskapet
1079 479 42 20 och
1145 479 65 20 adeln
1237 476 44 27 (för
1303 479 79 31 ätten
1372 472 15 42 |

760 506 101 27 Tavast).

758 571 162 28 Stackelberg,
937 571 89 23 Berndt
1042 571 66 27 Otto,

761 610 102 24 friherre,
879 610 14 21 f.
910 611 62 24 1745,
994 608 7 25 €
1019 611 61 20 1810.
1111 611 74 26 Major
1199 611 39 21 vid
1252 607 48 24 Äbo
1315 611 48 20 läns

760 642 129 24 regemente
903 641 61 20 1777.
977 637 216 30 Öfverstelöjtnants
1206 641 80 20 afsked
1302 641 61 20 1795.

792 671 55 20 1809
861 671 6 20 i
881 670 157 26 ridderskapet
1053 671 41 20 och
1109 671 73 20 adeln.
1212 671 94 20 Flektor
1323 668 39 22 (till

763 701 21 19 11
804 698 67 28 apr)).

758 762 163 29 Stackelberg,
937 762 89 23 Berndt
1042 762 67 28 Otto,

760 801 103 25 friherre,
882 802 15 20 f.
918 803 62 23 1777,
1007 799 6 25 +
1035 802 61 21 1847.
1130 802 110 26 Adjutant
1259 802 37 21 vid
1316 798 47 24 Åbo

760 832 49 20 läns
827 833 129 24 regemente
975 833 62 19 1782.
1072 832 210 26 Kammarjunkare
1301 832 61 20 1802.

760 861 156 21 Possessionat
930 861 30 27 pä
974 861 86 21 Pihlois
1079 862 1 20 i
1095 862 96 20 Vehmo.
1379 862 2 28 |

791 892 56 20 1809
858 891 7 21 i
876 891 157 26 ridderskapet
1045 892 42 20 och
1099 892 66 20 adeln
1181 889 44 26 (för
1237 892 53 20 frih.
1302 892 59 20 ätten

761 920 32 21 De
809 917 73 28 Geer).

757 982 163 30 Stackelberg,
937 984 98 22 Fredrik
1052 984 115 28 Hjalmar,
1379 985 1 12 |

761 1022 101 24 friherre,
879 1022 14 21 f.
910 1024 62 20 1866.
1003 1023 122 25 Agronom,
1141 1023 135 21 affärsman.

791 1052 55 21 1900
864 1052 7 20 i
887 1052 158 26 ridderskapet
1062 1053 43 21 och
1123 1054 73 20 adeln.
1379 1062 1 11 |

756 1114 164 29 Stackelberg,
936 1115 95 23 Fredric
1049 1116 109 28 Magnus,

760 1154 102 24 friherre,
879 1154 14 20 f.
913 1155 61 20 1857.
1005 1154 224 21 Förrädsförvaltare
1244 1155 38 20 vid
1298 1156 64 19 stats-
1379 1169 1 4 ;

758 1183 159 26 järnvägarne.
950 1184 258 21 Poliskammarnotarie
1236 1185 4 20 i
1269 1185 95 24 Wiborg

761 1213 62 24 1905,
838 1213 135 22 biträdande
989 1214 138 21 sekreterare
1143 1215 62 20 1916.

791 1244 55 20 1888
863 1243 5 20 i
885 1243 157 26 ridderskapet
1059 1245 43 20 och
1119 1245 73 20 adeln.

756 1304 57 28 Staf,
830 1305 82 28 Jonas,

760 1344 14 20 f.
789 1345 61 24 1833,
873 1342 5 25 €
892 1346 61 20 1894.
982 1345 77 21 Bonde
1072 1345 5 20 i
1090 1346 95 24 Malaks,
1198 1347 163 19 nämndeman.

791 1375 54 20 1872
859 1375 131 26 fullmäktig
1001 1375 35 20 för
1048 1375 85 26 Närpes
1146 1376 116 25 domsaga.
1284 1375 78 26 Suppl.

759 1403 5 20 i
783 1404 126 21 Bankutsk.

756 1447 201 29 Standertskjöld,
975 1448 54 23 Carl
1045 1449 100 28 August,
1378 1448 2 8 :

760 1487 101 24 friherre,
878 1487 15 20 f.
912 1488 61 24 1814,
990 1485 14 25 T
1023 1489 62 20 1885.
1117 1487 202 27 Generallöjtnant.

791 1517 54 20 1882
863 1517 4 20 i
885 1517 158 26 ridderskapet
1060 1518 42 20 och
1120 1518 66 21 adeln
1207 1515 154 29 (apr.—maj).

756 1560 201 29 Standertskjöld,
975 1561 54 23 Carl
1042 1562 99 28 August,

759 1600 102 24 friherre,
880 1600 14 20 f.
915 1601 61 20 1855.
1010 1600 134 27 Godsägare.

790 1630 55 20 1882
860 1629 6 21 i
882 1630 157 26 ridderskapet
1055 1631 43 19 och
1114 1631 65 20 adeln
1199 1631 44 22 (för
1259 1636 56 20 egen
1330 1631 32 19 ätt

757 1658 134 26 jan.—apr.,
907 1660 69 20 sedan
992 1660 34 20 för
1041 1660 52 20 frih.
1108 1660 61 20 ätten
1184 1657 149 27 Rehbinder).

790 1689 55 20 1885
863 1688 5 20 i
887 1689 157 26 ridderskapet
1061 1690 43 20 och
1123 1690 72 20 adeln.
1378 1685 1 4 i

790 1719 55 19 1894
861 1718 4 20 i
883 1718 157 26 ridderskapet
1056 1719 42 20 och
1114 1720 64 20 adeln

1200 1716 35 27 (fr.
1254 1720 26 20 19
1297 1716 63 28 maj).
1378 1707 1 25 i

1346 1780 17 13 46
