1495 1870
136 91 34 18 312

710 91 156 23 Personregister.

159 163 133 23 (Lindeqvist,
306 163 46 18 Carl
365 163 82 23 Johan,)

193 216 55 19 1872
266 215 141 21 sekreterare
423 215 6 21 i
445 215 174 26 prästeståndet.

193 243 92 27 1877/78
300 245 139 21 sekreterare
455 245 6 20 i
476 245 173 26 prästeståndet.
679 246 88 20 Präste-

162 274 101 21 ståndets
280 276 75 25 suppl.
374 275 7 20 i
399 275 306 26 Ständerhusdelegationen.

194 305 54 20 1882
260 305 140 20 sekreterare
412 305 7 20 i
432 305 174 26 prästeståndet.
627 304 139 22 Prästestån-

162 334 49 20 dets
226 335 74 25 suppl.
318 335 6 20 i
341 335 307 26 Ständerhusdelegationen.

194 365 54 20 1885
262 364 139 21 sekreterare
413 366 7 20 i
433 365 174 25 prästeståndet.
627 365 140 21 Prästestån-

162 394 47 20 dets
227 394 73 26 suppl.
318 394 6 20 i
341 395 307 25 Ständerhusdelegationen.

194 424 54 20 1888
266 424 139 21 sekreterare
422 425 6 20 i
444 425 174 25 prästeståndet.

193 454 54 20 1891
267 454 140 21 sekreterare
424 454 7 21 i
449 454 174 26 prästeståndet.

160 509 145 28 Lindeqvist,
323 510 53 23 Karl
393 510 100 23 Werner
509 510 107 28 Gabriel,

162 548 15 21 f.
203 549 62 20 1866.
305 549 109 21 Filosofie
437 550 114 25 magister.
592 549 174 21 Handelsskole-

162 577 102 22 direktor
281 579 6 20 i
304 575 51 25 Äbo
374 580 62 20 1897.

194 609 55 20 1888
267 609 87 20 notarie
372 609 6 20 i
396 609 174 26 prästeståndet.

194 639 53 20 1891
267 639 87 20 notarie
373 639 7 20 i
398 639 174 26 prästeståndet.

160 693 93 28 Linder,
271 694 135 23 Christofer
421 696 137 22 Alexander
574 696 77 27 Ernst,

162 739 15 20 f.
191 740 61 23 1838,
264 737 14 25 1
291 741 62 20 1868.
372 740 129 21 Litteratör.
519 741 173 21 Possessionat
683 733 11 38 i
703 741 62 26 Pojo.

194 768 91 27 1863/64
302 770 6 20 i
325 770 157 27 ridderskapet
500 771 43 20 och
560 771 66 20 adeln
645 768 44 27 (för
705 772 61 19 ätten

163 797 167 27 Möllersvärd).
366 801 53 20 Led.
439 801 8 20 i
468 801 74 20 Ekon,
563 801 61 20 utsk.
660 801 78 26 Suppl
760 801 5 20 i

163 829 120 20 Statsutsk.

193 859 54 20 1867
272 859 7 20 i
302 859 157 27 ridderskapet
484 861 43 20 och
551 861 67 20 adeln
638 858 45 27 (för
705 861 61 20 ätten

162 888 167 25 Möllersvärd).
361 890 78 26 Suppl.
463 890 7 20 i
493 891 175 20 Talmanskonf.
695 888 36 27 (fr.
753 891 12 20 3

161 915 67 28 apr.).
258 919 181 27 Elektorssuppl.
471 920 53 20 Led.
539 921 7 20 i
562 921 74 19 Ekon.
651 921 59 20 utsk.
729 918 36 27 (fr.

161 948 12 20 3
183 945 69 28 apr.);
270 948 1 20 i
281 948 127 22 Bankutsk.
419 950 43 20 och
473 950 7 20 i
491 950 189 26 Kyrkolagsutsk.
691 950 74 20 Andre

161 978 73 25 suppl.
253 978 35 20 för
305 978 170 27 ridderskapets
492 980 43 20 och
554 980 78 20 adelns
649 980 116 20 bankfull-

161 1007 93 27 mäktig.

159 1063 93 27 Linder,
262 1063 152 29 Constantin,

160 1102 15 20 f.
194 1103 62 23 1836,
272 1100 14 25 T
305 1104 62 20 1908.
398 1104 95 26 Kapten,
510 1105 161 25 possessionat.
703 1105 61 20 Vice-

160 1132 138 21 ordförande
312 1133 7 20 i
334 1135 100 19 senaten.
464 1134 300 22 Ministerstatssekreterare

162 1162 64 24 1905;
246 1163 97 19 medlem
363 1163 23 20 af
404 1164 69 25 ryska
491 1164 119 21 riksrädet.

192 1190 91 27 1863/64
301 1192 7 20 i
328 1192 157 27 ridderskapet
505 1194 43 20 och
568 1195 73 20 adeln.

192 1222 54 20 1867
258 1222 7 20 i
275 1222 159 26 ridderskapet
445 1224 42 20 och
499 1224 73 20 adeln.
592 1224 99 21 Elektor.
711 1224 53 21 Led.

160 1250 7 20 i
187 1250 73 22 Ekon.
280 1252 60 20 utsk.
360 1253 42 19 och
422 1253 7 20 i
449 1253 109 21 Riddarh.
579 1254 59 20 utsk.

192 1281 54 20 1872
258 1281 6 20 i
276 1281 157 27 ridderskapet
445 1284 42 19 och
498 1284 74 19 adeln.
592 1284 99 20 Elektor.
711 1284 52 20 Led.

160 1309 7 20 i
183 1310 51 20 Bev.
253 1311 59 20 utsk.
330 1312 43 20 och
390 1312 7 20 i
414 1312 108 21 Riddarh.
540 1313 60 20 utsk.

191 1338 92 27 1877/78
304 1341 7 20 i
332 1341 157 27 ridderskapet
512 1343 43 20 och
578 1343 73 21 adeln.

160 1369 52 20 Bev.
231 1370 59 20 utsk.

191 1400 55 20 1888
264 1400 6 19 i
288 1400 157 26 ridderskapet
463 1402 42 20 och
523 1403 74 20 adeln.

191 1429 52 20 1891
263 1426 35 27 (fr.
314 1430 26 20 24
356 1428 65 27 febr.)
439 1431 6 20 i
460 1431 159 27 ridderskapet
633 1433 42 20 och
690 1433 73 20 adeln.

191 1459 54 20 1894
262 1458 6 21 i
286 1459 157 27 ridderskapet
461 1462 43 20 och
521 1462 73 20 adeln.

190 1488 54 20 1897
262 1488 6 20 i
285 1489 158 27 ridderskapet
460 1492 43 19 och
520 1492 74 20 adeln.

189 1518 55 20 1899
260 1518 6 20 i
284 1518 157 28 ridderskapet
459 1522 43 19 och
519 1522 74 20 adeln.

190 1546 92 27 1904/05
297 1548 6 20 i
317 1548 158 28 ridderskapet
490 1551 43 20 och
547 1552 73 20 adeln.
650 1552 113 20 Landt-

157 1577 171 21 marskalk
348 1576 42 27 (till
407 1580 26 20 25
450 1580 47 26 jan.
517 1581 62 25 1905,
596 1582 58 20 dock
672 1582 90 20 fränva-

158 1607 71 20 rande
246 1607 27 20 fr.
294 1609 25 19 10
336 1609 47 20 dec.
403 1607 74 27 1904).

682 1344 53 20 Led.
758 1343 6 20 i

156 1662 94 28 Linder,
267 1664 109 27 Hjalmar
393 1665 152 29 Constantin,

157 1701 16 21 f.
189 1702 61 21 1862.
280 1703 243 28 Vicehäradshöfding.
546 1706 215 26 Kammarjunkare.

157 1731 153 22 Innehafvare
325 1733 24 20 af
364 1734 79 20 Svartä
458 1735 175 21 fideikommiss.

799 163 89 24 (Linder,
902 163 89 23 Hjalmar
1003 163 136 24 Constantin,)

833 216 54 20 1891
908 212 36 27 (fr.
961 216 10 19 7
988 215 34 20 till
1038 216 26 19 21
1082 212 65 28 febr.)
1167 215 7 20 i
1189 214 158 27 ridderskapet
1362 214 42 21 och

801 245 74 21 adeln.

833 275 55 20 1894
900 274 7 21 i
919 274 158 26 ridderskapet
1089 275 42 20 och
1142 275 66 20 adeln
1224 272 44 27 (för
1279 275 52 20 frih.
1344 275 60 19 ätten

802 298 128 36 Standertsk
942 298 227 36 jöld-Nordenstam).

833 335 55 20 1900
900 334 7 20 i
919 334 158 26 ridderskapet
1087 335 43 20 och
1143 335 65 20 adeln
1225 332 43 27 (för
1280 334 52 21 frih.
1344 335 61 19 ätten

802 362 173 28 Stjerncrantz).
1003 364 96 26 Suppl.i
1112 364 200 21 Vattenrättsutsk.
1329 362 35 27 (fr.
1378 364 26 20 27

802 394 55 20 febr.
874 394 33 20 till
925 394 27 20 20
969 391 67 29 apr.).

833 422 91 28 1904/05
940 424 6 20 i
962 424 158 26 ridderskapet
1135 425 43 20 och
1193 425 67 20 adeln
1278 422 36 27 (fr.
1329 425 13 20 3
1357 430 47 20 apr.

803 451 74 27 1905).

833 481 92 28 1905/06
942 483 5 20 i
964 483 159 28 ridderskapet
1139 485 43 20 och
1199 485 73 20 adeln.

800 551 86 23 Linder
902 552 24 21 af
942 551 91 28 Svartå,
1051 553 98 26 Fridolf,

802 591 102 24 friherre,
916 591 15 20 f.
946 592 61 24 1823,
1018 589 15 25 t
1047 592 62 20 1896.
1128 591 154 22 Innehafvare
1292 592 24 20 af
1325 591 79 22 Svartå

801 621 174 20 fideikommiss.
1000 621 197 21 Landtbruksräd.
1223 622 152 20 Hofmästare.

832 649 92 27 1863/64
941 651 6 20 i
964 651 158 26 ridderskapet
1138 652 43 20 och
1197 652 74 20 adeln.
1303 652 77 26 Suppl.
1399 651 5 20 i

802 681 72 20 Ekon.
891 681 59 20 utsk.
970 678 41 27 (till
1030 682 25 19 12
1069 681 46 26 jan.
1134 679 74 27 1864).

833 711 53 20 1867
900 711 5 20 i
918 711 157 26 ridderskapet
1088 712 43 19 och
1145 712 73 20 adeln.
1246 712 53 20 Led.
1312 712 6 20 i
1331 712 73 20 Ekon.

801 740 59 21 utsk.
892 741 78 26 Suppl.
986 741 7 20 i
1009 741 55 26 Lag-
1081 742 42 19 och
1139 741 74 21 Ekon.
1229 742 59 20 utsk.

832 771 54 20 1872
911 771 7 20 i
941 771 158 26 ridderskapet
1123 772 43 20 och
1189 772 74 20 adeln.

801 800 127 21 Bankutsk.

832 829 92 26 1877/78
939 830 6 20 i
961 830 157 27 ridderskapet
1134 831 43 20 och
1193 832 73 20 adeln.

833 861 54 19 1882
901 860 6 20 i
921 860 158 26 ridderskapet
1093 861 43 20 och
1150 862 73 19 adeln.
1253 862 52 20 Led.
1320 861 6 21 i
1340 861 63 21 först.

801 889 121 21 Statsutsk.
941 891 43 19 och
1000 891 7 20 i
1024 890 64 21 först.
1107 891 52 20 Bev.
1177 891 60 20 utsk.

832 920 54 20 1885
905 920 6 20 i
929 920 158 26 ridderskapet
1104 921 43 19 och
1165 921 74 20 adeln.

832 950 54 20 1888
903 949 6 20 i
927 949 158 27 ridderskapet
1102 951 42 19 och
1161 951 74 20 adeln.

831 979 53 21 1891
903 979 6 20 i
926 979 158 27 ridderskapet
1101 980 43 20 och
1161 981 73 20 adeln.

831 1009 55 20 1894
903 1008 6 21 i
926 1009 159 27 ridderskapet
1101 1010 43 20 och
1161 1011 74 20 adeln.

1295 772 78 26 Suppl.
1399 771 4 20 i

797 1070 24 22 af
837 1070 117 28 Lindfors,
971 1071 79 23 Jakob
1065 1072 85 27 Julius,

800 1115 15 20 f.
834 1116 61 24 1831,
911 1113 15 25 T
946 1116 62 20 1903.
1040 1116 179 26 Generalmajor.
1250 1118 72 20 Adlad
1341 1119 61 19 1882.

832 1152 54 20 1885
897 1151 6 20 i
914 1151 157 27 ridderskapet
1083 1152 42 20 och
1137 1153 73 20 adeln.
1229 1153 78 26 Suppl.
1319 1154 6 20 i
1336 1154 66 20 Allm.

799 1180 64 21 Besv.
879 1181 59 21 utsk.
958 1179 36 26 (fr.
1010 1182 27 20 23
1052 1180 67 28 apr.).

831 1217 55 20 1888
898 1216 6 20 i
914 1216 158 27 ridderskapet
1083 1218 43 20 och
1137 1218 74 20 adeln.
1231 1218 99 22 Elektor.
1349 1220 53 20 Led.

799 1247 7 20 i
821 1246 126 21 Bankutsk.

831 1282 52 20 1891
897 1282 7 20 i
915 1282 158 26 ridderskapet
1083 1284 44 19 och
1138 1284 73 19 adeln.
1231 1284 99 21 Elektor.
1348 1285 54 20 Led.

799 1310 7 21 i
821 1311 126 21 Bankutsk.

831 1347 54 20 1894
897 1347 6 20 i
914 1347 158 27 ridderskapet
1083 1349 43 20 och
1137 1349 74 20 adeln.
1230 1349 100 22 Elektor.
1349 1350 53 21 Led.

799 1376 6 20 i
820 1377 126 20 Bankutsk.
963 1378 43 20 och
1010 1372 14 37 i
1043 1378 63 21 först.
1122 1379 121 20 Statsutsk.
1274 1379 77 26 Suppl.
1367 1380 35 21 för

798 1405 158 27 ridderskapet
974 1408 43 19 och
1034 1408 67 20 adeln
1118 1408 6 20 i
1141 1408 260 27 Antells-delegationen.

830 1442 54 20 1897
896 1442 6 20 i
914 1442 159 26 ridderskapet
1083 1444 43 20 och
1137 1444 73 20 adeln.
1229 1444 100 21 Elektor.
1349 1445 53 21 Led.

798 1470 6 21 i
817 1471 127 21 Bankutsk.
972 1472 78 26 Suppl.
1064 1473 35 20 för
1111 1473 158 27 ridderskapet
1280 1475 43 19 och
1336 1476 65 19 adeln

799 1500 5 20 i
818 1501 261 27 Antells-delegationen.

830 1537 55 20 1899
902 1537 6 20 i
926 1537 158 27 ridderskapet
1101 1539 43 20 och
1162 1539 74 20 adeln.

830 1572 55 20 1900
897 1572 7 21 i
915 1572 158 27 ridderskapet
1085 1574 43 20 och
1141 1575 73 20 adeln.

798 1602 59 20 utsk.

1243 1576 52 20 Led.
1308 1576 8 20 i
1327 1576 75 20 Bank-

796 1663 118 28 Lindfors,
932 1664 68 28 Filip,

799 1708 14 20 f.
833 1709 61 21 1846.
928 1709 130 27 Godsägare
1074 1710 7 21 i
1099 1710 107 22 Sulkava.

830 1739 55 20 1888
906 1738 132 27 fullmäktig
1058 1740 35 20 för
1114 1740 87 21 Jokkas
1223 1742 115 26 domsaga.
