1492 1867
132 76 35 18 292

699 80 156 23 Personregister.

157 198 125 28 Järnefelt,
299 199 85 22 Armas
400 200 103 27 Gideon,

161 237 15 20 f.
191 238 63 23 1869,
267 235 14 25 1
294 238 61 20 1916.

161 267 119 25 inspektör
298 268 61 20 1900.

192 297 56 20 1897
269 297 5 20 i
293 297 156 27 ridderskapet
468 299 42 20 och
530 300 65 19 adeln
619 297 35 26 (fr.

161 326 32 20 till
209 327 12 20 5
236 325 76 26 febr.).

383 239 212 26 Banktjänsteman.
624 240 141 25 Sparbanks-

674 300 27 19 23
719 299 46 26 jan.

156 389 126 28 Järnefelt,
298 390 85 23 Armas
400 391 83 23 Tauno
499 393 130 26 Johannes,

160 428 14 20 f.
194 429 63 20 1867.
289 429 182 27 Jurisutriusgue
487 431 117 24 kandidat,
622 431 142 20 vicehärads-

160 458 104 26 höfding.
284 459 269 22 Protokollssekreterare
566 461 5 20 i
584 463 105 18 senatens
700 461 64 26 justi-

160 488 195 26 tiedepartement.

191 519 55 20 1897
268 516 34 27 (fr.
320 520 12 19 5
349 517 64 27 febr.)
434 521 6 19 i
458 520 156 26 ridderskapet
631 521 42 20 och
691 521 73 20 adeln.

160 547 146 22 Sekreterare
319 549 6 20 i
340 549 51 20 Bev.
407 550 59 20 utsk.

192 579 56 19 1899
264 578 6 20 i
285 579 156 26 ridderskapet
458 581 42 20 och
516 581 73 20 adeln.

192 608 56 20 1900
265 608 6 20 i
287 609 157 26 ridderskapet
460 611 41 19 och
518 611 73 20 adeln.
623 611 142 20 Sekreterare

160 637 6 20 i
182 637 57 26 Exp.
257 639 58 20 utsk.

193 666 93 27 1904/05
308 669 5 20 i
336 669 157 26 ridderskapet
515 671 43 19 och
581 671 65 19 adeln
673 668 40 23 (till
738 671 25 19 31

160 697 46 20 dec.
225 695 75 26 1904).

192 731 93 27 1905/06
307 734 5 20 i
335 734 156 27 ridderskapet
515 736 42 20 och
581 736 64 20 adeln
672 733 41 27 (till
740 736 24 20 13

135 776 1 3 *
160 768 60 14 mars
239 764 43 19 och
299 764 26 20 fr.
346 765 25 19 16
388 765 46 25 maj
454 763 73 26 1906).

156 824 126 27 Järnefelt,
297 826 81 28 Arvid,

159 864 15 20 f.
203 865 63 20 1861.
306 866 182 26 —Jurisutriusgue
514 867 116 24 kandidat,

159 894 141 21 auskultant.
332 896 170 20 Skriftställare.

192 930 54 20 1891
267 930 7 21 i
289 931 157 26 ridderskapet
464 933 42 19 och
525 933 72 19 adeln.

658 868 106 19 hofrätts-

156 992 126 28 Järnefelt,
298 993 93 29 August
407 994 143 27 Alexander,

161 1031 14 20 f.
196 1032 64 24 1833,
280 1030 14 24 1
314 1033 61 20 1896.
410 1030 110 28 Öfverste,
539 1034 53 20 chef
611 1035 33 19 för
663 1037 102 17 astrono-

160 1061 75 21 miska
253 1062 42 20 och
310 1063 131 25 geodetiska
458 1064 105 20 arbetena
581 1064 62 20 inom
660 1064 105 20 Finland.

160 1090 203 28 Generallöjtnant,
382 1095 97 19 senator.

194 1128 56 19 1872
264 1127 6 20 i
283 1127 157 27 ridderskapet
453 1130 42 19 och
508 1130 65 20 adeln
592 1127 43 26 (för
648 1131 60 19 ätten
722 1136 45 14 von

162 1154 94 26 Törne).

195 1191 93 26 1877/78
305 1193 4 20 i
327 1193 157 26 ridderskapet
500 1195 42 20 och
560 1195 66 20 adeln
646 1192 44 24 (för
707 1195 60 20 ätten

164 1219 107 27 Schildt).

196 1258 56 19 1882
276 1258 5 19 i
304 1258 157 27 ridderskapet
484 1260 41 19 och
549 1261 65 19 adeln

164 1285 194 28 Wadenstjerna).

642 1257 43 23 (för
708 1261 61 19 ätten

157 1349 125 28 Järnefelt,
299 1350 93 29 August
409 1351 106 28 Fredrik,

161 1388 14 20 f.
191 1389 63 24 1825,
268 1386 14 25 t
297 1390 61 19 1876.
387 1390 242 27 Vicehäradshöfding,
643 1392 122 25 possessio-

160 1420 38 18 nat
213 1418 30 25 på
257 1419 70 20 Anola
342 1419 6 20 i
363 1419 87 26 Ulfsby.
480 1421 187 20 Justitierådman
682 1421 6 20 i
702 1421 63 26 Björ-

160 1447 87 26 neborg
263 1449 60 20 1871.

192 1481 92 28 1863/64
302 1484 6 20 i
325 1484 157 27 ridderskapet
498 1487 43 19 och
559 1487 73 19 adeln.
666 1486 99 20 Elektor.

162 1513 51 20 Led.
226 1513 6 20 i
244 1513 55 26 Lag-
311 1515 42 19 och
365 1515 73 20 Ekon.
451 1516 59 19 utsk.
529 1516 78 25 Suppl.
619 1516 7 20 i
636 1516 56 25 Exp.
706 1516 58 20 utsk.

156 1574 126 28 Järnefelt,
299 1575 77 28 (1906:
389 1576 185 29 Rauanheimo),
586 1577 81 22 Akseli
680 1577 90 23 Kustaa

218 1610 118 27 Leonard,

161 1648 15 20 f.
197 1650 63 19 1871.
293 1650 108 20 Filosofie
419 1651 112 25 magister,
551 1651 215 25 tidningsredaktör.

193 1683 93 27 1904/05
303 1685 5 20 i
324 1685 156 28 ridderskapet
499 1687 41 20 och
558 1687 66 20 adeln
646 1684 43 23 (för
706 1687 60 19 ätten

161 1713 106 22 Fellman
282 1721 38 14 n:o
335 1713 60 27 279).

798 201 124 27 Järnefelt,
939 201 56 22 Erik
1013 200 84 29 (Eero)
1114 200 105 28 Nikolai,

802 240 13 20 f.
831 241 61 19 1863.
920 240 110 20 Ritlärare
1042 239 38 21 vid
1090 239 161 21 universitetet.

833 271 54 19 1894
904 270 4 19 i
926 269 156 26 ridderskapet
1097 270 43 19 och
1157 269 72 21 adeln.

798 325 123 28 Järnefelt,
939 325 105 27 Fredrik,

802 365 15 20 f.
841 366 62 23 1857,
925 363 14 24 1
964 366 61 19 1895.

798 391 12 34 K
802 395 75 26 julo.

833 426 54 19 1885
905 425 7 20 i
930 425 157 26 ridderskapet
1105 426 42 19 och
1166 425 72 20 adeln.

798 481 123 27 Järnefelt,
939 481 86 22 Gustaf
1039 481 86 26 Johan,

802 521 13 19 f.
840 521 61 23 1823,
923 518 14 24 T
960 520 61 20 1883.
1059 520 188 26 Häradshöfding
1267 521 6 20 i
1296 521 107 19 Homants

801 551 115 24 domsaga.

833 581 53 19 1867
903 580 5 20 i
924 580 157 25 ridderskapet
1096 581 43 19 och
1154 580 73 20 adeln.
1259 580 52 20 Led.
1328 580 5 20 i
1349 580 54 25 Lag-

802 611 58 19 utsk.
892 610 78 25 Suppl.
990 610 3 20 i
1009 610 55 25 Lag-
1079 610 43 20 och
1139 610 73 20 Ekon.
1228 610 60 20 utsk.

832 638 91 27 1877/78
945 640 4 19 i
971 639 157 26 ridderskapet
1149 640 42 20 och
1213 640 73 20 adeln.
1323 640 52 19 Led.
1398 639 5 20 i

1062 365 155 20 Possessionat
1240 365 28 26 pä
1291 365 84 26 Kepola
1399 365 23 22 ii

1279 240 124 19 Professor.
1421 242 1 9 |

802 670 106 25 Lagutsk.
932 667 35 24 (fr.
989 670 25 19 10
1034 669 55 21 febr.
1113 667 62 26 1877)
1197 670 43 19 och
1261 671 5 20 i
1286 669 55 26 Lag-
1361 669 41 20 och
1421 681 1 3 '

801 699 73 20 Ekon.
890 700 59 19 utsk.

832 730 54 19 1882
903 729 6 20 i
928 729 157 25 ridderskapet
1103 730 42 20 och
1163 730 73 20 adeln.

797 773 124 27 Järnefelt,
937 774 54 22 Jälo
1007 774 111 26 William,

801 813 13 19 f.
830 814 61 19 1865.
913 813 242 25 Vicehäradshöfding.
1177 813 24 20 T.
1217 813 14 20 f.
1246 814 137 19 sekreterare
1398 814 4 20 i

801 842 110 20 Finlands
928 843 71 23 Bank,
1016 842 101 21 direktör
1135 843 62 20 1903.

832 873 54 20 1897
910 872 5 20 i
938 872 157 26 ridderskapet
1119 873 42 19 och
1183 873 66 20 adeln
1277 870 43 26 (för
1343 874 60 18 ätten

801 902 182 26 Wäadenstjerna,
996 904 64 18 utom
1075 902 26 20 fr.
1116 904 26 19 23
1157 908 60 14 mars
1231 902 33 20 till
1278 904 12 18 2
1304 900 65 28 apr.).

833 933 54 19 1899
910 932 6 20 i
939 932 157 26 ridderskapet
1119 933 43 19 och
1185 932 65 20 adeln
1277 930 44 26 (för
1344 933 59 19 ätten

801 962 144 20 Adlercreutz
961 962 27 20 fr.
1008 963 25 19 19
1047 959 65 29 maj).

833 992 55 20 1900
911 992 5 20 i
939 992 157 26 ridderskapet
1119 992 42 20 och
1185 992 66 20 adeln
1277 989 44 27 (för
1343 992 60 20 ätten

801 1021 139 21 Oker-Blom
961 1021 31 21 till
1019 1022 6 20 9
1044 1028 67 17 mars,
1133 1022 42 19 och
1195 1022 61 20 ätten
1277 1022 48 20 Toll
1346 1022 26 20 fr.
1393 1023 11 18 3

802 1049 66 27 apr.).

833 1080 91 26 1904/05
938 1081 5 20 i
958 1081 155 26 ridderskapet
1129 1082 41 19 och
1185 1082 65 19 adeln
1268 1078 35 27 (fr.
1318 1082 23 19 31
1358 1082 46 20 dec.
1421 1085 2 17 |

805 1108 72 27 1904).

835 1139 91 26 1905/06
938 1141 4 19 i
955 1140 156 26 ridderskapet
1123 1141 42 20 och
1178 1141 65 20 adeln
1259 1138 35 23 (fr.
1310 1142 24 18 13
1346 1147 60 13 mars

803 1170 32 20 till
853 1171 25 19 16
894 1167 65 28 maj).

801 1214 123 27 Järnefelt,
942 1214 55 22 Klas
1015 1214 62 27 Erik,

805 1254 14 19 f.
837 1254 62 23 1831,
915 1251 14 24 €
948 1255 61 18 1889.
1041 1254 110 25 Kapellan
1168 1253 4 20 i
1189 1253 119 25 Uleåborg,
1325 1253 82 26 kyrko-

804 1284 69 19 herde
890 1283 6 20 i
914 1283 141 20 Kontiolahti
1075 1284 62 19 1871.
1171 1283 65 20 Prost
1256 1284 61 19 1883.

836 1314 54 19 1872
904 1313 50 20 vald
968 1313 24 20 af
1005 1313 89 25 Kuopio
1107 1313 60 20 stifts
1180 1312 153 26 prästerskap.
1355 1313 52 20 Led.

804 1343 5 19 i
827 1343 66 19 Allm.
913 1343 63 20 Besv.
994 1343 59 20 utsk.
1085 1343 79 25 Suppl.
1187 1343 1 19 i
1207 1342 201 20 Kommunalutsk.

804 1373 42 19 och
867 1372 5 20 i
893 1373 70 20 Ensk.
986 1373 61 19 Besv.
1069 1373 58 19 utsk.

836 1403 55 19 1885
904 1403 51 19 vald
969 1402 24 20 af
1006 1402 90 25 Kuopio
1109 1402 59 20 stifts
1182 1402 152 25 prästerskap.
1355 1402 52 20 Led.
1425 1392 1 4 |

804 1432 5 19 i
834 1432 69 20 Ensk.
929 1432 63 20 Besv.
1018 1432 58 20 utsk.
1101 1432 42 20 och
1169 1432 4 19 i
1199 1431 63 21 först.
1287 1431 120 20 Statsutsk.

803 1461 78 26 Suppl.
902 1462 5 19 i
927 1461 73 20 Ekon.
1022 1462 57 19 utsk.
1099 1462 42 19 och
1161 1461 5 20 i
1186 1461 127 20 Bankutsk.

800 1505 124 28 Järnefelt,
941 1505 80 22 Oskar
1037 1505 78 27 Adoli,

803 1545 14 20 f.
838 1545 61 23 1845,
925 1542 7 24 1
953 1545 61 20 1913.
1047 1544 80 26 Major,
1147 1544 178 20 öfversteafsked
1346 1545 61 19 1902.

835 1575 54 20 1888
910 1572 14 23 (i
941 1572 89 27 början)
1051 1575 4 19 i
1073 1574 157 25 ridderskapet
1247 1574 43 19 och
1307 1574 72 20 adeln.

801 1618 121 26 Järvinen,
940 1618 78 26 Albin,

805 1657 14 19 f.
835 1658 62 19 1867.
926 1656 91 20 Notarie
1030 1656 36 29 vid
1080 1656 235 25 skolöfverstyrelsen.

805 1686 182 26 skoleinspektor
1006 1686 5 20 i
1029 1686 48 19 Abo
1096 1686 90 20 distrikt
1207 1686 61 20 1901.

837 1717 54 20 1897
909 1716 138 20 sekreterare
1065 1717 5 20 i
1089 1716 66 20 Allm.
1174 1716 45 20 Pet.
1239 1715 58 21 utsk.

1343 1656 66 19 Folk-
