1506 1870
103 72 35 18 388

677 77 158 23 Personregister.

127 145 87 23 (Wrede,
228 145 75 19 Henrik
316 146 79 23 August
407 147 47 18 Carl
468 147 65 24 Otto,)

162 195 92 27 1877/78
271 196 7 21 i
293 197 160 27 ridderskapet
469 198 42 20 och
528 199 74 20 adeln.
635 198 100 21 Elektor.

131 226 65 20 Ordf.
216 226 8 20 i
244 226 107 26 Lagutsk.
386 227 53 21 Led.
461 228 8 20 i
488 228 135 26 Myntutsk.;
644 228 7 21 i
671 229 63 20 först.

130 256 74 20 Ekon.
219 256 70 24 utsk.;
304 257 38 20 två
356 257 84 26 gånger
454 258 7 20 i
476 258 63 20 först.
556 258 120 20 Statsutsk.
692 258 43 20 och

130 285 7 21 i
152 286 64 20 först.
231 286 53 20 Bev.
300 287 59 21 utsk.

162 316 55 20 1882
241 316 7 20 i
273 316 158 27 ridderskapet
455 318 42 20 och
521 318 74 20 adeln.
635 318 100 20 Elektor.

131 345 65 21 Ordf.
212 342 41 28 (till
267 347 25 19 14
303 344 76 27 febr.),
390 348 71 20 sedan
471 348 42 20 led.
525 347 6 21 i
543 348 108 25 Lagutsk.
670 347 64 21 Ordf.

131 375 6 21 i
151 376 108 26 Värnepl.
275 376 58 21 utsk.
363 377 54 21 Led.
432 377 8 20 i
454 377 64 21 först.
534 377 121 21 Statsutsk.
671 378 42 20 och
729 377 7 20 i

131 405 63 21 först.
212 406 53 20 Bev.
280 406 59 20 utsk.

129 457 93 26 Wrede,
239 456 90 23 Henrik
345 457 69 25 Otto,

131 495 103 24 friherre,
250 495 16 20 f.
283 496 61 24 1855,
359 493 15 26 T
391 497 63 20 1884.

132 525 69 20 didat.

132 555 91 20 socken.

163 586 55 19 1882
242 585 7 20 i
273 585 158 27 ridderskapet
455 586 42 20 och
521 586 66 20 adeln
608 583 43 27 (för
675 587 61 19 ätten

132 612 169 28 Ehrenstolpe).

128 659 93 28 Wrede,
240 659 56 24 Karl
312 659 101 29 August,

132 699 103 24 friherre,
252 699 16 20 f.
286 700 61 20 1859.
378 699 111 21 Arkitekt.

163 729 55 20 1885
242 729 7 20 i
273 729 158 26 ridderskapet
455 729 42 21 och
521 729 66 21 adeln
607 727 44 26 (för
675 730 61 19 ätten

132 756 135 27 Kuhlefelt).

129 803 93 27 Wrede,
239 803 54 23 Karl
313 803 79 27 Ernst,

132 842 103 25 friherre,
248 842 17 20 f.
279 843 62 20 1850.
361 839 174 24 Öfverdirektör
548 843 6 20 i
568 843 169 26 forststyrelsen

134 872 151 21 1893—1902.

164 903 54 20 1897
230 902 7 20 i
248 901 158 27 ridderskapet
418 903 44 20 och
473 903 67 20 adeln
554 899 44 27 (för
609 902 53 21 frih.
675 903 61 19 ätten

131 938 45 13 von
194 931 142 21 Willebrand
352 938 41 14 n:o
409 929 47 27 33).

164 962 55 20 1899
229 961 7 20 i
248 961 157 27 ridderskapet
417 962 44 20 och
473 962 67 20 adeln
553 959 45 26 (för
609 961 53 21 frih.
675 962 61 20 ätten

132 997 44 14 von
189 990 142 22 Willebrand
343 998 40 14 n:o
395 988 46 28 33).
462 992 52 20 Led.
525 991 7 21 i
544 990 191 22 Riddarhusutsk.

164 1021 55 21 1900
230 1020 7 21 i
249 1021 157 26 ridderskapet
418 1022 43 20 och
473 1022 67 19 adeln
554 1018 45 27 (för
610 1021 53 20 frih.
675 1022 61 19 ätten

132 1056 46 14 von
191 1050 142 21 Willebrand
346 1057 41 15 n:o
400 1048 47 27 33).
476 1051 99 26 Suppl.i
587 1051 149 20 Vattenrätts-

132 1080 60 20 utsk.
212 1077 42 27 (till
271 1081 26 19 24
313 1078 68 28 apr.).

164 1109 91 27 1904/05
272 1110 7 20 i
295 1110 158 26 ridderskapet
470 1111 42 19 och
528 1111 67 20 adeln
615 1107 43 27 (för
675 1110 61 20 ätten

132 1140 99 20 Etholén
249 1146 41 14 n:o
308 1137 60 27 225).

164 1170 92 25 1905/06
273 1170 6 20 i
295 1170 160 26 ridderskapet
470 1170 42 20 och
529 1170 67 20 adeln
615 1166 45 27 (för
675 1170 61 20 ätten

132 1196 177 27 Schatelowitz).
338 1200 53 20 Led.
407 1200 6 20 i
429 1200 64 20 först.
508 1200 52 20 Bev.
575 1199 60 21 utsk.

129 1238 93 26 Wrede,
238 1238 56 23 Karl
311 1237 86 23 Gustaf
413 1238 122 22 Garibaldi
553 1238 97 27 Fabian,

132 1276 103 25 friherre,
249 1276 16 21 f.
282 1277 61 21 1860.
366 1277 175 26 Sägförvaltare.
563 1277 173 26 Fabriksägare.

164 1307 53 20 1891
230 1306 7 21 i
248 1306 157 26 ridderskapet
417 1307 44 20 och
472 1307 68 20 adeln
553 1304 45 27 (för
609 1306 54 21 frih.
675 1307 60 20 ätten

132 1333 98 28 Hjerta).

164 1367 55 19 1899
242 1365 7 20 i
273 1365 158 27 ridderskapet
455 1366 42 21 och
521 1366 67 21 adeln
607 1363 45 27 (för
675 1367 61 19 ätten

132 1393 93 27 Arppe).

164 1423 91 27 1904j05
272 1424 6 20 i
294 1424 159 27 ridderskapet
469 1425 42 21 och
527 1425 68 21 adeln
614 1422 45 27 (för
675 1425 62 20 ätten

132 1451 93 29 Arppe).

164 1482 92 27 1905/06
272 1484 6 20 i
293 1484 160 26 ridderskapet
468 1484 43 21 och
527 1484 68 21 adeln
614 1481 44 27 (för
675 1485 61 19 ätten

132 1511 93 28 Arppe).

129 1552 92 26 Wrede,
238 1552 93 27 Kasper
346 1552 116 28 Hjalmar,

132 1591 103 24 friherre,
247 1591 16 20 f.
276 1592 61 24 1849,
357 1589 7 25 T
377 1592 62 20 1912.
459 1591 188 26 Häradshöfding
657 1591 6 21 i
675 1592 61 20 Eura

132 1621 115 25 domsaga,
265 1621 6 20 i
287 1621 57 21 littis
363 1622 151 20 1900—1903.

164 1652 55 19 1888
230 1652 6 20 i
248 1650 159 27 ridderskapet
418 1652 43 19 och
472 1651 66 20 adeln
554 1648 44 26 (för
610 1650 53 21 frih.
675 1651 60 20 ätten

132 1686 56 48 org
208 1674 150 64 Villsbrand).
395 1681 78 25 Suppl.
494 1681 6 19 i
521 1680 108 26 Lagutsk.
653 1677 36 27 (fr.
710 1681 26 19 19

132 1716 67 19 apr.).

484 496 182 26 Jurisutriusque
680 496 56 20 kan-

230 525 156 21 Possessionat
398 526 30 26 på
442 526 122 26 Kyyhkylä
577 526 6 20 i
597 527 31 20 St.
642 526 94 20 Michels

767 198 93 26 Wrede,
878 196 59 23 Otto
952 196 90 27 Albert,

770 237 103 23 friherre,
897 236 15 20 f.
938 236 62 20 1851.
1030 234 157 21 Possessionat
1209 234 31 26 på
1261 234 83 20 Värälä
1367 232 7 20 i

771 267 81 20 Elimä.
884 266 96 20 Senator
995 264 125 27 juli-nov.
1138 264 62 21 1909.

802 297 55 20 1882
881 296 7 20 i
910 295 159 25 ridderskapet
1091 294 43 20 och
1158 294 68 20 adeln
1244 291 44 27 (för
1311 292 63 27 grefl.

771 327 61 19 ätten
845 323 75 28 Berg).
949 324 72 21 Led.i
1034 324 52 20 Bev.
1098 324 60 20 utsk.
1187 324 78 26 Suppl.
1278 323 6 21 i
1297 324 77 20 Järnv.

770 356 60 20 utsk.
845 356 43 20 och
903 355 6 20 i
924 354 192 22 Riddarhusutsk.

802 386 55 20 1885
880 385 6 20 i
908 384 158 26 ridderskapet
1088 384 43 20 och
1153 384 68 20 adeln
1245 380 44 27 (för
1311 382 63 26 grefl.

771 416 62 20 ätten
846 412 75 28 Berg).
950 414 94 20 Elektor
1060 411 36 27 (fr.
1111 414 13 20 5
1137 410 66 29 maj).
1232 413 53 21 Led.
1299 413 7 20 i
1319 412 56 26 Lag-

771 446 42 20 och
829 445 73 20 Ekon.
917 444 60 20 utsk.

803 475 55 20 1888
880 474 7 20 i
908 473 159 26 ridderskapet
1089 473 44 20 och
1154 473 66 20 adeln
1245 469 44 27 (för
1311 471 63 26 grefl.

771 505 61 20 ätten
851 501 75 28 Berg).
962 503 100 20 Elektor.
1098 503 78 26 Suppl.
1196 502 7 21 i
1222 502 73 21 Ekon.
1315 501 60 21 utsk.

775 531 35 27 (fr.
828 535 11 19 2
855 531 66 28 maj).

803 565 53 20 1891
881 563 6 20 i
909 563 158 25 ridderskapet
1089 563 43 20 och
1154 562 68 21 adeln
1246 559 45 27 (för
1311 561 64 26 grefl.

771 595 62 19 ätten
847 590 75 29 Berg).
952 593 100 20 Elektor.
1083 592 75 21 Led.i
1173 592 55 25 Lag-
1244 592 43 20 och
1302 591 72 20 Ekon.

771 623 60 21 utsk.
866 623 78 26 Suppl.
964 623 7 20 i
990 622 122 21 Statsutsk.
1147 621 82 26 Tredje
1247 621 73 26 suppl.
1340 621 35 20 för

771 653 169 26 ridderskapets
958 653 43 20 och
1018 652 80 21 adelns
1113 651 202 26 bankfullmäktig.

803 683 55 20 1894
881 683 6 20 i
909 682 159 26 ridderskapet
1090 682 43 20 och
1155 682 67 20 adeln
1247 678 44 27 (för
1311 680 63 27 grefl.

771 713 63 20 ätten
848 709 75 29 Berg).
954 712 100 20 Elektor.
1084 712 53 20 Led.
1152 711 7 20 i
1173 711 56 26 Lag-
1244 711 43 20 och
1302 711 72 20 Ekon.

771 743 60 20 utsk.
846 743 43 20 och
902 744 7 20 i
923 742 131 21 Hästutskr.
1068 741 60 21 utsk.
1157 741 83 26 Tredje
1253 741 73 26 suppl.
1340 740 36 21 för

771 772 169 26 ridderskapets
958 772 43 20 och
1018 771 79 21 adelns
1114 770 201 27 bankfullmäktig.

803 803 55 20 1897
880 802 7 20 i
908 801 159 26 ridderskapet
1089 801 43 20 och
1154 801 66 20 adeln
1246 797 44 27 (för
1311 799 64 27 grefl.

771 833 62 20 ätten
847 829 75 28 Berg).
953 831 101 21 Elektor.
1083 831 53 20 Led.
1152 831 6 20 i
1173 831 56 25 Lag-
1244 831 43 20 och
1301 830 74 21 Ekon.

770 862 60 20 utsk.
840 861 82 26 Tredje
932 861 74 26 suppl.
1017 861 37 20 för
1063 861 170 25 ridderskapets
1244 861 43 20 och
1298 860 78 20 adelns

771 891 203 26 bankfullmäktig.

803 928 56 19 1899
881 927 7 19 i
909 927 159 25 ridderskapet
1090 926 43 20 och
1154 926 67 20 adeln
1246 923 45 26 (för
1311 925 64 26 grefl.

771 957 61 19 ätten
851 953 75 29 Berg).
960 956 100 20 Elektor.
1094 956 53 20 Led.
1166 955 7 21 i
1191 955 106 26 Värnepi.
1315 954 60 21 utsk.

803 992 55 21 1900
880 992 8 20 i
909 991 158 26 ridderskapet
1090 991 43 20 och
1155 991 67 20 adeln
1246 988 44 26 (för
1311 990 63 26 grefl.

771 1022 62 20 ätten
848 1018 75 29 Berg).
952 1021 101 21 Elektor.
1083 1021 54 20 Led.
1151 1020 7 21 i
1173 1020 56 26 Lag-
1244 1020 42 20 och
1301 1020 74 20 Ekon.

769 1052 60 20 utsk.
840 1051 84 26 Tredje
933 1051 74 26 suppl.
1018 1050 37 21 för
1064 1050 169 26 ridderskapets
1244 1050 42 20 och
1297 1050 78 20 adelns

771 1082 79 20 adelns
865 1080 203 26 bankfullmäktig.

803 1114 91 28 1904/05
911 1116 7 20 i
934 1116 159 26 ridderskapet
1109 1116 43 20 och
1169 1116 68 20 adeln
1254 1112 43 27 (för
1314 1116 61 20 ätten

771 1153 45 13 von
828 1144 107 26 Konow).
963 1146 101 20 Elektor.
1092 1146 72 20 Led.i
1178 1146 55 24 Lag-
1246 1146 43 20 och
1301 1145 74 20 Ekon.

771 1176 59 20 utsk.
870 1176 84 26 Tredje
977 1176 75 25 suppl.
1079 1175 37 21 för
1139 1175 169 26 ridderskapets
1332 1174 43 21 och

771 1206 79 20 adelns
865 1205 203 26 bankfullmäktig.

802 1240 93 27 1905/06
912 1241 6 20 i
935 1241 158 26 ridderskapet
1110 1241 43 20 och
1170 1240 68 21 adeln
1256 1237 43 27 (för
1314 1241 61 19 ätten

771 1271 99 21 Ethol6n
885 1278 41 13 n:o
940 1268 62 27 225).
1033 1271 53 20 Led.
1103 1270 6 21 i
1125 1270 73 20 Ekon.
1214 1270 60 20 utsk.

768 1333 94 26 Wrede,
880 1332 81 24 Rabbe
977 1333 67 26 Axel,

771 1372 103 24 friherre,
895 1371 15 21 f.
932 1373 62 19 1851.
1030 1371 110 20 Filosofie
1156 1371 114 26 magister.
1304 1371 71 20 Juris-

771 1401 119 26 utriusgue
902 1401 83 21 doktor
1000 1401 62 20 1884.
1090 1401 119 20 Professor
1224 1401 61 20 1885.
1313 1401 62 20 Vice-

771 1431 139 21 ordförande
924 1431 6 20 i
944 1432 104 19 senatens
1061 1430 244 26 justitiedepartement
1320 1431 55 20 1905

770 1461 95 20 —1909.

802 1494 92 28 1877/78
911 1496 7 20 i
934 1496 160 26 ridderskapet
1109 1496 43 20 och
1169 1496 67 20 adeln
1255 1492 44 27 (för
1314 1496 61 20 ätten

772 1523 177 27 Schatelowitz).

802 1562 56 20 1882
880 1561 7 20 i
910 1561 160 26 ridderskapet
1094 1561 42 21 och
1160 1561 66 20 adeln
1247 1558 44 27 (för
1314 1562 62 19 ätten

772 1588 177 27 Schatelowitz).
976 1590 101 21 Elektor.
1105 1590 78 26 Suppl.
1195 1590 7 21 i
1213 1590 107 26 Lagutsk.
1332 1590 44 20 och

771 1620 7 20 i
792 1620 58 21 Just.
864 1620 60 20 utsk.
942 1618 42 26 (till
1000 1621 9 19 1
1024 1618 69 28 juni).
1124 1620 142 21 Sekreterare
1280 1622 6 20 i
1301 1620 74 20 Bank-

771 1650 59 20 utsk.
863 1650 53 20 Led.
934 1650 7 20 i
957 1650 64 20 först.
1038 1650 121 20 Statsutsk.
1192 1650 78 26 Suppl.
1288 1650 6 20 i
1311 1650 64 20 först.

772 1680 52 20 Bev.
836 1680 60 20 utsk.
924 1680 81 26 Tredje
1018 1680 74 26 suppl.
1105 1680 36 20 för
1151 1680 169 25 ridderskapets
1332 1680 43 20 och

772 1710 78 20 adelns
864 1709 157 21 bankrevisor.
