1489 1867
636 83 153 23 Personregister.

1314 78 33 21 247

65 146 1 31 |
87 154 129 23 (Ehrnrooth,
230 155 49 17 Axel
293 154 114 22 Reinhold,)

122 204 90 27 1904/05
232 206 6 20 i
257 206 157 26 ridderskapet
435 206 42 20 och
497 207 68 20 adeln
585 204 44 27 (för
648 207 44 20 adl.

89 236 62 19 ätten
169 233 132 27 Nassokin).
336 236 77 26 Suppl.
433 236 7 20 i
457 236 76 20 Särsk.
551 236 63 20 Besv.
632 236 60 21 utsk.

90 264 53 21 Led.
159 265 7 20 i
181 265 63 20 först.
260 265 52 21 Bev.
329 266 59 20 utsk.

121 292 92 28 1905/06
232 294 7 21 i
258 294 157 27 ridderskapet
435 296 42 20 och
497 296 66 20 adeln
585 293 45 27 (för
648 296 44 20 adl.

65 346 2 4 |
90 325 61 19 ätten
168 322 132 27 Nassokin).

88 380 146 27 Ehrnrooth,
255 380 54 22 Carl
325 380 90 27 Albert,

91 419 14 20 f.
123 420 62 24 1831,
200 416 15 26 $
232 420 62 20 1873.
323 420 271 20 Protokollssekreterare
608 420 6 20 i
629 426 63 14 sena-

90 450 49 19 tens
154 449 286 26 ekonomiedepartement.

122 477 91 27 1863/64
233 479 7 20 i
259 479 158 26 ridderskapet
435 481 44 19 och
497 481 66 20 adeln
586 477 44 27 (för
650 481 43 20 adl.

91 509 60 20 ätten
165 515 45 14 von
223 506 97 27 Platen).
351 510 51 19 Led.
417 509 5 20 i
437 509 56 26 Exp.
507 510 59 20 utsk.
596 510 77 26 Suppl.
687 509 7 20 i

66 552 1 4 |
91 538 108 21 Riddarh.
213 539 59 20 utsk.

123 568 54 20 1867
191 568 6 20 i
211 568 157 26 ridderskapet
381 569 41 20 och
436 569 66 20 adeln
519 566 43 27 (för
574 569 44 20 adl.
632 570 61 19 ätten

92 595 103 26 Munck).
222 597 99 22 Elektor.
347 598 71 21 Led.i
429 598 55 26 Lag-
496 599 42 20 och
549 599 73 20 Ekon.
633 599 59 20 utsk.

92 625 43 22 och
150 627 5 20 i
171 627 56 26 Exp.
243 627 58 21 utsk.
332 628 79 21 Förste
426 629 74 25 suppl.
515 628 36 21 för
565 628 128 21 ridderska-

67 653 1 3 '
92 658 49 24 pets
157 657 42 20 och
216 657 79 20 adelns
312 657 202 27 bankfullmäktig.

123 687 55 20 1872
191 687 6 20 i
211 687 157 26 ridderskapet
381 688 43 19 och
436 688 66 20 adeln
519 685 43 26 (för
575 688 43 20 adl.
632 689 63 19 ätten

93 714 157 27 Sölfverarm).
278 717 100 20 Elektor.
407 717 72 20 Led.i
492 717 72 20 Ekon.
578 717 59 20 utsk.
651 717 42 20 och

95 743 36 26 (fr.
143 747 12 19 8
165 743 58 28 juni)
244 746 1 20 i
256 747 201 20 Kommunalutsk.
477 747 64 20 Ordf.
554 749 6 19 i
572 747 67 21 Stats-
652 747 42 20 och

93 775 72 20 Ekon.
184 776 59 20 utsk.
279 776 78 26 Suppl.
380 776 3 20 i
403 777 55 25 Lag-
479 777 42 20 och
541 777 73 20 Ekon.
634 777 60 20 utsk.

93 805 42 20 och
148 806 6 20 i
166 805 56 26 Exp.
235 805 59 21 utsk.
322 806 53 20 Led.
387 805 38 21 två
435 806 84 26 gånger
523 801 10 35 i
549 806 62 21 först.
625 806 68 21 Stats-

67 855 2 3 :
92 835 59 20 utsk.
166 835 43 20 och
223 835 6 20 i
244 835 63 20 först.
322 835 52 21 Bev.
388 836 60 20 utsk.
477 835 81 21 Förste
570 836 74 26 suppl.
659 836 35 20 för

67 867 2 3 |
92 864 169 26 ridderskapets
275 865 41 20 och
332 865 78 20 adelns
424 865 201 26 bankfullmäktig.

90 919 146 28 Ehrnrooth,
254 920 55 23 Carl
325 921 92 27 Gustaf,

93 959 15 20 f.
128 959 61 24 1744,
208 957 14 25 t
242 960 61 20 1817.
337 959 172 27 Generalmajor
528 961 61 20 1797.

124 989 55 20 1809
197 989 5 20 i
221 989 157 26 ridderskapet
396 991 43 19 och
457 990 73 20 adeln.

91 1039 146 27 Ehrnrooth,
255 1040 70 22 Ernst
342 1040 115 27 Hjalmar,

92 1078 15 20 f.
120 1079 61 20 1871.
199 1079 111 20 Medicine
321 1079 116 24 kandidat,
449 1079 100 21 licentiat
561 1081 61 19 1899.
641 1080 25 19 E.
676 1087 20 13 o.

93 1108 116 25 professor
226 1109 62 20 1904.

125 1138 55 20 1899
203 1138 6 20 i
231 1138 158 26 ridderskapet
412 1139 42 20 och
477 1139 65 20 adeln
569 1136 43 27 (för
635 1140 62 19 ätten

94 1173 39 14 n:o
147 1168 27 20 85
189 1165 151 27 Ehrnrooth).

125 1195 92 27 1904/05
233 1197 7 20 i
256 1197 157 26 ridderskapet
430 1199 43 19 och
489 1199 66 19 adeln
575 1195 44 27 (för
635 1199 61 19 ätten

94 1224 138 27 Tandefelt).
265 1227 78 26 Suppl.
360 1229 6 20 i
384 1227 62 20 först.
465 1228 51 20 Bev.
533 1228 59 20 utsk.

92 1271 146 27 Ehrnrooth,
255 1271 82 28 Georg
353 1271 111 27 Casimir,

95 1310 14 20 f.
124 1311 61 20 1866.
211 1310 243 26 Vicehäradshöfding.
481 1311 173 20 Verkställande
665 1311 31 20 di-

94 1339 92 21 rektöri
196 1339 122 21 Allmänna
329 1340 228 26 brandstodsbolaget
568 1341 35 20 för
613 1341 83 20 landet.

126 1370 54 19 1897
203 1369 6 20 i
232 1369 158 26 ridderskapet
413 1370 42 20 och
477 1371 67 19 adeln
570 1367 44 27 (för
636 1371 61 19 ätten

95 1398 23 20 af
143 1396 140 28 Björksten).
316 1399 77 26 Suppl
417 1399 2 21 i
438 1399 201 21 Kommunalutsk.
662 1397 35 27 (fr.

95 1430 13 18 9
121 1426 80 27 mars).

126 1459 56 19 1899
204 1458 6 20 i
233 1458 157 26 ridderskapet
413 1460 42 19 och
478 1460 65 19 adeln
570 1456 44 27 (för
636 1460 61 19 ätten

95 1487 24 20 af
133 1485 140 28 Björksten).

127 1517 55 20 1900
204 1517 7 20 i
233 1517 158 27 ridderskapet
413 1518 43 20 och
479 1518 66 20 adeln
571 1515 45 27 (för

95 1546 24 20 af
133 1544 140 28 Björksten).
304 1547 78 25 Suppl.
398 1547 7 20 i
421 1548 55 24 Lag-
492 1548 43 20 och
550 1548 73 19 Ekon.

95 1576 53 20 Led.
166 1576 6 20 i
189 1576 64 20 först.
271 1576 52 21 Bev.
342 1576 58 20 utsk.

127 1604 91 27 1904/05
236 1606 5 20 i
258 1606 157 25 ridderskapet
431 1606 44 20 och
490 1606 66 20 adeln
576 1603 44 27 (för

95 1634 25 20 af
133 1632 140 28 Björksten).

127 1662 92 27 1905/06
235 1664 6 20 i
258 1664 157 26 ridderskapet
432 1666 43 19 och
492 1665 66 20 adeln
578 1662 43 26 (för

95 1693 24 19 af
137 1691 110 28 Nyborg).
282 1694 77 26 Suppl.
378 1694 5 20 i
402 1694 109 20 Riddarh.
529 1694 59 20 utsk.

96 1722 63 20 först.
177 1723 51 20 Bev.
245 1724 59 19 utsk.

636 1518 64 20 ätten

639 1547 59 21 utsk.

637 1607 64 19 ätten:

638 1666 60 19 ätten

622 1695 52 19 Led.
694 1694 5 19 i

712 1282 7 464 I
695 273 28 486 -s--w--//5-r.

726 202 146 28 Ehrnrooth,
890 202 84 23 Gustaf
990 203 97 26 Robert,

728 242 15 20 f.
760 243 61 23 1821,
841 240 7 24 €
864 243 62 19 1911.
955 238 104 24 Öfverste
1072 243 43 19 och
1129 242 152 20 kommendör
1295 241 34 19 för

728 272 77 20 finska
816 272 247 26 lifgardesbataljonen.
1083 271 171 26 Generalmajor
1268 271 61 20 1864.
1346 289 1 7 ;

729 301 194 26 Generallöjtnant
942 302 62 20 1878.
1346 304 1 18 i

760 329 91 27 1863/64
871 331 6 20 i
898 331 157 26 ridderskapet
1076 332 44 20 och
1140 332 73 19 adeln.
1250 330 53 20 Led.
1324 329 6 20 i

729 360 51 21 Bev.
799 360 69 24 utsk.;
887 361 6 19 i
913 361 201 20 Ständerhusutsk.
1134 361 43 20 och
1196 361 7 19 i
1221 360 108 20 Riddarh.
1346 366 1 12 |

729 390 59 21 utsk.

760 421 54 19 1867
826 420 6 20 i
842 420 158 26 ridderskapet
1011 420 43 20 och
1065 420 73 20 adeln.
1158 420 99 20 Elektor.
1276 419 53 20 Led.

729 450 6 20 i
752 450 73 20 Ekon.
842 450 60 20 utsk.
935 450 78 26 Suppl.
1031 450 6 20 i
1055 450 67 20 Stats-
1141 450 43 20 och
1201 450 51 20 Bev.
1271 448 59 21 utsk.

732 477 41 27 (till
788 480 13 20 3
816 477 67 29 apr.).

760 510 55 20 1872
832 510 6 19 i
853 509 159 26 ridderskapet
1026 510 43 20 och
1085 510 73 20 adeln.
1190 509 52 20 Led.
1259 509 6 20 i
1280 508 50 20 Tal-

729 539 131 20 manskonf.
894 539 92 20 Elektor
1008 537 35 26 (fr.
1066 540 5 19 7
1090 545 61 14 mars
1170 539 32 20 till
1220 540 25 19 31
1265 536 65 27 maj).

730 569 52 20 Led.
798 569 7 20 i
820 569 108 20 Riddarh.
944 569 60 20 utsk.
1022 567 42 26 (till
1079 570 25 19 31
1121 567 65 28 maj).

761 597 91 27 1877/78
872 599 7 20 i
900 599 157 26 ridderskapet
1078 599 42 20 och
1141 599 73 20 adeln.
1251 597 53 21 Led.
1325 596 6 20 i

730 629 108 20 Riddarh.
849 629 59 20 utsk.
921 629 42 20 och
975 628 37 21 tvä
1022 628 83 26 gänger
1116 629 7 20 i
1134 628 64 21 först.
1210 627 120 21 Statsutsk.

729 658 82 25 Tredje
834 658 74 26 suppl.
933 658 35 20 för
992 658 168 26 ridderskapets
1186 658 43 19 och
1253 657 77 20 adelns

731 688 155 20 hankrevisor.

761 718 55 20 1882
830 717 6 20 i
850 717 157 26 ridderskapet
1022 718 43 19 och
1078 718 73 19 adeln.
1180 717 93 20 Elektor
1290 713 41 27 (till

732 748 9 19 1
758 745 69 28 juni).
860 747 53 20 Led.
930 747 7 20 i
954 747 126 20 Bankutsk.
1112 747 77 20 Andre
1205 746 74 26 suppi.
1297 745 34 20 för

730 777 170 26 ridderskapets
920 777 41 20 och
982 777 78 20 adelns
1080 777 156 20 bankrevisor.

762 807 54 20 1885
827 807 7 20 i
844 807 157 25 ridderskapet
1013 807 42 20 och
1067 807 73 20 adeln.
1159 806 100 20 Elektor.
1279 805 52 20 Led.

730 836 6 20 i
753 837 52 19 Bev.
822 837 60 19 utsk.
900 837 42 20 och
959 838 32 19 tre
1007 836 83 26 gånger
1106 836 7 20 i
1129 836 64 20 först.
1212 834 119 22 Statsutsk.

762 867 55 20 1888
832 866 6 20 i
854 866 158 25 ridderskapet
1026 866 44 20 och
1085 866 73 20 adeln.
1189 865 53 20 Led.
1258 864 6 20 i
1280 864 51 20 Bev.

730 895 60 21 utsk.

762 926 54 20 1891

762 956 54 19 1894

763 985 53 20 1897

1094 925 72 20 adeln.

1091 955 72 20 adeln.

1094 985 72 20 adeln.

835 925 5 20 i
858 925 158 26 ridderskapet
1033 926 42 19 och

834 955 7 20 i
856 955 159 26 ridderskapet
1031 955 42 20 och

836 985 5 20 i
859 985 158 26 ridderskapet
1033 985 43 20 och

763 1015 55 20 1899
835 1015 8 19 i
859 1015 157 25 ridderskapet
1034 1015 43 20 och
1094 1014 73 21 adeln.

763 1045 55 19 1900
835 1044 6 20 i
859 1044 157 26 ridderskapet
1034 1045 42 19 och
1094 1044 73 20 adeln.

763 1072 91 27 1904/05
875 1074 5 19 i
899 1073 157 26 ridderskapet
1075 1074 43 19 och
1136 1073 74 20 adeln.

764 1102 91 27 1905/06
876 1103 6 20 i
902 1103 158 26 ridderskapet
1080 1103 43 20 och
1143 1103 73 20 adeln.

732 1134 63 19 först.
811 1133 51 20 Bev.
878 1133 59 20 utsk.

1253 1102 53 19 Led.
1328 1100 5 20 i

729 1188 147 27 Ehrnrooth,
893 1189 49 22 Leo
959 1189 126 26 Reinhold,

732 1228 15 20 f.
760 1229 62 19 1877.
832 1228 182 25 Jurisutriusgue
1025 1227 116 21 kandidat.
1153 1227 181 24 Jurisutriusgue

732 1257 89 24 doktor,
837 1257 267 26 protokollssekreterare
1119 1257 6 20 i
1140 1259 93 18 senaten
1250 1255 85 21 1906—

735 1287 61 20 1913.

764 1315 91 27 1904/05
873 1317 5 20 i
896 1317 157 25 ridderskapet
1068 1317 43 20 och
1128 1317 72 19 adeln.

733 1342 127 34 Bankutsk.
1352 1368 1 4 |

765 1374 91 27 1905/06
876 1376 5 19 i
900 1375 157 26 ridderskapet
1077 1376 43 19 och
1138 1375 73 20 adeln.
1352 1374 1 6 |

731 1420 133 27 Ehrström,
881 1420 135 22 Alexander
1032 1420 66 24 Otto,

734 1459 15 20 f.
766 1460 62 23 1826,
842 1457 15 25 T
874 1460 62 20 1899.

734 1489 78 25 Tusby
829 1489 91 20 socken.

766 1519 54 19 1882
834 1518 131 26 fullmäktig
978 1518 35 20 för
1027 1518 107 25 Helsinge
1145 1518 116 24 domsaga.
1283 1516 52 20 Led.

735 1548 5 19 i
755 1548 52 20 Bev.
823 1548 58 20 utsk.

766 1578 55 20 1885
839 1577 130 25 fullmäktig
986 1577 35 20 för
1039 1576 106 26 Helsinge
1161 1577 116 24 domsaga.

766 1607 56 20 1888
839 1606 131 26 fullmäktig
986 1606 35 20 för
1038 1606 107 26 Helsinge
1161 1606 116 25 domsaga.
1353 1617 1 15 |

766 1636 53 20 1891
839 1636 131 25 fullmäktig
987 1636 35 20 för
1040 1636 87 20 Piikkis
1144 1636 110 24 domsaga
1274 1631 63 24 (efter

735 1666 25 19 K.
778 1665 19 20 J.
815 1666 81 20 Slottes
913 1665 136 25 utnämning
1063 1665 34 20 till
1114 1662 104 26 talman).

767 1695 55 20 1894
854 1694 132 26 fullmäktig
1016 1694 36 20 för
1084 1694 107 25 Helsinge
1222 1694 115 23 domsaga.

736 1724 78 25 Suppl.
828 1724 6 20 i
847 1724 55 25 Lag-
916 1724 41 20 och
971 1724 73 19 Ekon.
1059 1723 58 21 utsk.
1134 1721 36 26 (fr.
1183 1724 26 19 31
1224 1718 80 28 mars).

1233 1315 78 26 Suppl.
1328 1313 6 20 i

967 1459 155 20 Possessionat
1137 1458 29 26 pä
1180 1458 134 20 Träskända
1329 1456 6 20 i
