1492 1870
615 77 155 31 Personregister.
1304 81 35 18 307

710 153 167 24 (Langenskiöld,
890 153 72 19 Gustaf
974 153 76 23 Adolf,)

73 203 72 28 Lang,
161 203 53 22 Joel
232 202 134 27 Napoleon,
745 204 92 27 1904/05
857 205 6 20 i
884 205 159 26 ridderskapet
1063 206 42 20 och
1127 205 74 21 adeln.
1237 205 54 21 Led.
1312 205 7 20 i

76 242 15 20 f.
106 242 62 24 1847,
180 239 15 25 1
209 241 62 21 1905.
298 241 183 26 Jurisutriusgue
491 241 118 24 kandidat,
621 241 56 20 vice-

75 271 188 26 häradshöfding.
296 271 62 21 Juris
375 270 116 27 professor
510 271 62 20 1882.

107 299 92 28 1877/78
216 301 138 20 sekreterare
370 300 7 21 i
393 300 127 21 Bankutsk.

73 356 211 29 Lang6n-Laurila,
301 357 55 23 Karl
373 356 92 26 Gustaf,

77 397 14 20 f.
111 397 61 24 1831,
199 393 7 26 $
225 396 62 21 1883.
320 396 79 20 Bonde
415 395 7 21 i
440 395 163 21 Euraäminne.

107 427 54 20 1867
177 425 131 27 fullmäktig
323 425 36 21 för
374 426 90 20 Vehmo
478 426 116 25 domsaga.

76 456 7 20 i
101 457 55 25 Lag-
176 456 42 20 och
236 456 74 20 Ekon.
328 455 60 21 utsk.

108 484 91 27 1877/78
210 485 132 26 fullmäktig
352 485 36 21 för
398 485 90 20 Vehmo
498 485 115 25 domsaga.
625 484 53 21 Led.

77 516 5 20 i
97 515 107 27 Lagutsk.
220 516 43 20 och
277 515 7 21 i
299 515 70 21 Ensk.
384 515 64 20 Besv.
462 514 60 21 utsk.

625 425 53 20 Led.

74 576 187 30 Langenskiöld,
278 577 62 22 Bror
355 576 56 24 Karl
428 576 86 27 Johan,

76 616 103 25 friherre,
206 616 15 21 f.
250 617 62 20 1857.
353 616 183 26 Jurisutriusgue
562 616 117 23 kandidat,

76 646 83 21 doktor
179 647 61 20 1886.
274 646 104 26 Flyttade
395 646 34 20 till
448 645 90 26 Sverige
558 646 62 24 1895,
638 646 42 20 där

76 676 172 21 bankdirektör.

108 707 54 20 1882
184 706 139 21 sekreterare
342 706 7 20 i
370 705 181 26 borgarständet.

108 737 54 20 1885
176 736 6 20 i
195 735 158 26 ridderskapet
365 736 43 20 och
421 735 66 22 adeln
503 732 45 28 (för
560 736 63 19 ätten
634 741 45 14 von

76 763 94 28 Törne).
211 766 53 20 Led.
282 765 7 21 i
307 765 109 22 Riddarh.
435 765 61 21 utsk.
538 765 78 26 Suppl.
636 765 44 20 och

76 796 140 20 sekreterare
241 795 6 21 i
274 795 120 21 Statsutsk.
436 795 83 26 Tredje
544 795 73 26 suppl.
645 794 35 21 för

76 825 168 26 ridderskapets
266 825 43 21 och
330 825 80 21 adelns
428 824 202 26 bankfullmäktig.

108 856 55 20 1888
174 855 8 20 i
192 855 158 26 ridderskapet
362 855 43 20 och
416 855 67 20 adeln
498 851 44 28 (för
553 855 53 20 frih.
618 855 62 20 ätten

77 882 103 27 Munck).
208 885 100 20 Elektor.
333 885 53 20 Led.
399 885 6 20 i
417 884 121 21 Statsutsk.
550 885 42 20 och
603 884 8 21 i
622 884 57 21 Just.

76 915 60 20 utsk.
176 914 82 26 Tredje
282 915 74 25 suppl.
383 915 35 20 för
443 914 169 26 ridderskapets
637 913 43 21 och

77 944 78 21 adelns
171 944 201 26 bankfullmäktig.

74 1000 188 28 Langenskiöld,
279 1000 85 22 Gustaf
380 1000 78 27 Adolf,

77 1040 102 24 friherre,
197 1040 15 20 f.
233 1040 61 20 1852.
328 1038 101 22 Kanslist
452 1039 2 20 i
470 1038 108 26 Wiborgs
594 1038 87 21 hofrätt

79 1070 61 24 1878,
152 1069 88 21 notarie
250 1070 62 20 1884.
339 1068 204 26 Häradshöfding
536 1064 13 34 i
554 1068 126 26 Raseborgs

52 1113 2 5 |
77 1100 108 25 domsaga
202 1100 150 20 1887—1889.
383 1099 95 20 Senator
492 1098 7 20 i
514 1098 166 26 justitiedepar-

77 1130 107 20 tementet
202 1129 151 21 1897—1900.

108 1160 55 19 1882
180 1159 7 20 i
204 1158 158 26 ridderskapet
378 1159 44 20 och
438 1158 74 21 adeln.
545 1158 78 26 Suppl.
644 1155 36 27 (fr.

78 1190 25 18 21
123 1185 55 29 apr.)
200 1189 42 20 och
261 1189 41 20 led.
325 1185 37 27 (fr.
382 1189 26 19 16
426 1185 56 29 maj)
503 1188 6 20 i
528 1188 73 20 Ekon.
619 1187 61 21 utsk.

77 1218 53 20 Led.
146 1218 6 20 i
168 1218 67 20 Allm.
251 1218 63 21 Besv.
330 1218 60 20 utsk.
409 1215 36 27 (fr.
462 1218 28 20 26
504 1215 66 28 maj).
602 1217 78 26 Suppl.

77 1248 6 20 i
100 1248 55 26 Lag-
171 1248 43 20 och
230 1248 73 20 Ekon.
319 1248 59 20 utsk.
398 1244 36 28 (fr.
451 1248 26 20 31
494 1244 80 28 mars).
604 1246 77 22 Led.i

77 1278 63 20 först.
157 1278 52 20 Bev.
225 1278 60 20 utsk.
317 1278 78 26 Suppl.
412 1278 6 20 i
435 1277 63 21 först.
515 1277 121 21 Statsutsk.

109 1308 54 20 1885
179 1307 7 21 i
200 1307 157 26 ridderskapet
372 1308 42 20 och
430 1307 73 21 adeln.
534 1307 53 20 Led.
603 1306 7 21 i
625 1307 55 25 Lag-

77 1337 59 21 utsk.
153 1338 43 20 och
211 1337 6 21 i
233 1337 64 21 först.
314 1337 109 21 Statutsk.
455 1337 78 26 Suppl.
549 1336 6 21 i
571 1336 109 21 Riddarh.

77 1367 59 20 utsk.
156 1367 42 20 och
216 1367 39 20 tvä
272 1367 84 26 gänger
374 1366 6 21 i
399 1367 64 20 först.
483 1366 121 21 Statsutsk.

108 1397 56 20 1888
187 1396 6 21 i
217 1396 159 26 ridderskapet
400 1396 43 21 och
468 1396 73 21 adeln.
580 1396 100 20 Elektor.

78 1425 52 21 Led.
149 1426 6 20 i
174 1426 118 26 Lagutsk.;
312 1426 6 20 i
336 1426 107 25 Värnepl.
462 1425 59 21 utsk.
541 1426 45 20 och
604 1425 6 20 i
628 1425 52 20 Rid-

77 1456 65 19 darh.
163 1456 59 20 utsk.
259 1456 81 21 Förste
360 1456 74 26 suppl.
456 1455 36 21 för
512 1455 170 26 ridderskapets

77 1485 43 21 och
137 1486 78 20 adelns
232 1486 156 20 bankrevisor.

109 1516 53 20 1891
188 1515 7 21 i
219 1515 158 26 ridderskapet
400 1516 44 20 och
468 1515 73 21 adeln.
581 1514 100 21 Elektor.

78 1544 52 21 Led.
149 1545 7 20 i
172 1545 108 26 Lagutsk.
312 1545 80 21 Förste
408 1545 75 26 suppl.
501 1544 36 21 för
554 1544 127 21 ridderska-

78 1576 49 24 pets
146 1575 43 20 och
208 1575 80 21 adelns
305 1574 157 21 bankrevisor.

109 1610 55 20 1894
185 1609 7 21 i
213 1609 159 27 ridderskapet
391 1610 44 20 och
457 1610 73 20 adeln.
567 1609 115 21 Elektors-

78 1639 74 26 suppl.
180 1639 54 21 Led.
249 1639 6 21 i
269 1639 108 26 Lagutsk.
406 1639 80 21 Förste
499 1639 75 26 suppl.
588 1639 36 20 för
637 1638 44 21 rid-

78 1669 132 25 derskapets
226 1669 43 21 och
286 1669 79 21 adelns
378 1668 157 22 bankrevisor.

109 1699 55 20 1897
181 1698 8 20 i
204 1698 158 26 ridderskapet
377 1698 45 21 och
439 1698 73 21 adeln.

109 1728 55 20 1900
182 1728 6 20 i
204 1728 159 26 ridderskapet
379 1728 43 20 och
439 1728 73 21 adeln.

713 235 108 26 Lagutsk.

745 263 92 28 1905/06
853 265 8 20 i
876 265 159 26 ridderskapet
1051 265 44 20 och
1111 265 74 21 adeln.

711 320 186 30 Langenskjöld,
914 321 76 22 Adam
1007 321 120 27 Theodor,

714 361 14 20 f.
747 361 62 23 1783,
833 357 7 26 1
859 361 61 20 1827.
952 360 110 26 Löjtnant
1077 360 37 21 vid
1130 360 189 21 Adlercreutzska

713 392 138 24 regementet
881 391 63 20 1807.
981 390 304 21 Referendariesekreterare
1313 390 6 20 i

713 420 235 26 regeringskonseljen
971 421 62 20 1809.
1069 420 87 21 Afsked
1178 421 63 20 1817.

745 450 55 20 1809
815 450 5 20 i
837 450 158 26 ridderskapet
1011 450 42 20 och
1070 450 73 20 adeln.
1176 450 143 20 Sekreterare

713 479 7 21 i
737 479 108 21 Riddarh.
863 480 59 20 utsk.

709 509 4 21 I

712 535 186 29 Langenskjöld,
915 536 58 22 Lars
990 536 91 22 Henrik
1097 535 92 27 Gustaf,

714 574 16 21 f.
747 575 62 24 1805,
824 572 15 25 f
857 576 61 20 1879.
950 575 25 20 T.
991 574 16 21 f.
1022 575 92 26 lagman
1129 575 7 20 i
1151 574 107 25 Wiborgs
1274 576 45 24 lag-

714 610 59 20 saga,
791 604 104 21 statsråd.

745 635 56 20 1872
823 634 7 21 i
852 634 159 26 ridderskapet
1033 635 43 20 och
1099 635 74 20 adeln.

714 664 63 21 först.
797 664 53 21 Bev.
869 664 62 21 utsk.

745 693 92 27 1877/78
853 695 7 20 i
876 695 160 26 ridderskapet
1052 695 42 20 och
1112 695 73 20 adeln.

1211 634 78 26 Suppl.
1312 633 6 21 i

712 734 2 12 UI

712 751 81 27 Latva,
810 751 92 27 Mikko,

715 791 14 20 f.
749 791 62 20 1870.
843 790 185 21 Folkskollärare
1044 790 7 21 i
1068 790 149 26 Björneborg.

745 818 92 27 1904/05
859 820 132 26 fullmäktig
1013 820 36 20 för
1070 820 80 20 staden
1171 819 148 26 Björneborg.

745 848 92 27 1905/06
860 849 131 26 fullmäktig
1012 850 37 20 för
1069 850 82 20 staden
1171 849 148 26 Björneborg.

712 906 91 27 Lauko,
819 906 72 27 Ellas,

715 945 15 21 f.
747 946 62 23 1765,
831 942 6 26 €
854 945 62 21 1844.
946 942 73 28 Ägare
1032 945 25 20 af
1070 944 97 21 Laukka
1181 944 139 26 Södergärds

718 972 18 21 A
755 974 98 21 rusthäll
869 974 8 20 i
893 974 92 26 Bjärnä.

745 1005 56 21 1809
819 1006 158 24 representant
996 1005 36 20 för
1049 1004 90 21 Piikkis
1157 1005 42 20 och
1219 1004 101 20 Halikko

714 1035 84 20 härads
813 1035 120 21 nedredels
950 1036 116 24 domsaga.

713 1073 168 27 Laurikainen,
898 1073 113 27 Tuomas,

714 1112 16 21 f.
749 1113 62 24 1841,
828 1110 15 25 t
861 1113 63 20 1904.
956 1112 196 26 Hemmansägare
1169 1112 6 20 i
1192 1112 68 20 Kides
1277 1111 42 21 och

715 1144 7 20 i
737 1142 120 21 Ruskeala.
890 1142 194 21 Landthandlare.

747 1173 54 20 1872
821 1172 132 26 fullmäktig
973 1172 36 20 för
1028 1172 69 20 Kides
1116 1172 116 25 domsaga.

715 1203 7 20 i
738 1202 121 20 Statsutsk.
877 1202 43 20 och
937 1202 68 20 Stats-
1023 1202 42 20 och
1081 1202 74 20 Ekon.
1171 1201 60 21 utsk.

747 1233 54 19 1882
831 1232 132 26 fullmäktig
992 1232 35 21 för
1057 1232 117 20 Sortavala
1204 1232 116 25 domsaga.

716 1262 99 20 Elektor.
850 1262 53 20 Led.
923 1262 7 20 i
949 1262 67 20 Allm.
1037 1262 64 20 Besv.
1120 1261 60 21 utsk.
1216 1261 78 26 Suppl.
1314 1260 7 20 i

715 1292 63 20 först.
796 1292 53 20 Bev.
865 1292 61 20 utsk.

1266 1171 53 21 Led.

747 1322 54 20 1894
818 1321 133 26 fullmäktig
967 1322 36 20 för
1020 1321 68 21 Kides
1106 1322 115 24 domsaga.
1254 1320 66 21 Elek-

715 1352 122 25 torssupp!.
869 1351 54 21 Led.
940 1352 7 20 i
963 1352 74 20 Ekon.
1055 1351 59 21 utsk.

714 1396 127 26 Lavonius,
859 1396 102 27 Magnus
978 1396 63 26 Karl,

716 1434 15 21 f.
751 1435 63 20 1870.
848 1434 107 26 Ingeniör
971 1434 8 21 i
996 1433 164 22 Tammerfors.
1194 1433 127 26 Disponent

717 1464 34 21 för
768 1464 146 26 Lapinniemi
931 1464 108 21 fabriker.

747 1493 92 27 1905/06
854 1494 132 26 fullmäktig
1000 1494 36 20 för
1050 1494 157 20 Tammerfors
1221 1494 57 20 stad.

714 1538 129 28 Lavonius,
859 1538 120 27 Wilhelm,

717 1577 15 21 f.
746 1578 63 24 1832,
851 1578 63 20 1897.
942 1577 183 26 Jurisutriusgue
1135 1576 118 24 kandidat,
1266 1576 55 21 dok-

716 1609 35 19 tor
768 1608 63 20 1873.
861 1607 58 21 T.f.
935 1614 18 14 e.
970 1614 19 14 o.
1005 1607 122 26 professor.
1159 1606 162 20 Prokurators-

716 1638 146 20 sekreterare.
903 1636 146 22 —Hofrättsräd
1074 1637 6 20 i
1105 1636 106 26 Wiborgs
1235 1634 88 22 hofrätt

718 1667 152 21 1888—1889.

747 1698 56 20 1867
821 1696 142 21 sekreterare
979 1696 6 21 i
1003 1696 67 21 Allm.
1088 1696 65 21 Besv.
1170 1695 61 21 utsk.

748 1725 93 27 1877/78
855 1726 140 21 sekreterare
1008 1726 8 20 i
1030 1726 69 20 Stats-
1114 1726 44 20 och
1173 1724 74 22 Ekon.
1262 1723 60 22 utsk.
