1492 1864
609 71 153 23 Personregister.

66 192 126 28 Bergroth,
210 191 84 23 Gustaf
310 192 56 25 Elis,

69 231 15 20 f.
103 232 60 22 1854,
178 228 14 25 T
209 231 61 19 1906.
300 230 124 21 Predikant
439 231 38 20 vid
491 231 162 25 länsfängelset
667 230 5 20 i

70 260 148 26 Helsingfors.
241 260 74 21 Sedan
327 261 146 25 kyrkoherde
486 261 6 20 i
505 261 97 24 Räisälä,
617 261 56 20 1904

70 291 5 19 i
92 290 96 21 Jääskis.

101 322 53 19 1891
169 321 53 20 vald
236 321 23 19 af
273 320 74 26 Borgå
361 320 59 21 stifts
434 320 154 27 prästerskap.

70 350 7 20 i
90 350 66 20 Allm.
172 350 64 20 Besv.
252 350 59 20 utsk.
327 351 43 20 och
385 350 6 20 i
408 350 63 21 först.
487 350 51 21 Bev.
555 350 59 20 utsk.

102 381 54 19 1899
173 380 51 21 vald
241 380 23 20 af
280 380 101 26 Nyslotts
398 380 59 20 stifts
473 380 154 26 prästerskap.

101 410 55 20 1900
182 410 54 20 vald
260 410 23 20 af
309 410 99 26 Nyslotts
433 410 61 20 stifts
519 410 153 26 prästerskap.

71 440 51 20 Led.
140 440 6 19 i
161 440 66 20 Allm.
244 440 63 20 Besv.
324 440 59 20 utsk.

619 321 52 20 Led.

68 490 126 28 Bergroth,
211 490 76 22 Julius
305 490 96 27 Efraim,

71 529 14 20 f.
106 530 62 23 1819,
187 527 14 25 T
222 530 61 20 1876.
317 526 145 24 Öfverlärare
480 530 43 20 och
541 530 77 20 rektor
637 529 37 20 vid

71 560 173 20 normalskolan
266 560 6 20 i
296 560 148 25 Helsingfors.
484 556 190 30 Öfverinspektor

71 589 37 20 vid
124 589 161 26 skolstyrelsen
303 591 62 19 1870.

102 617 92 28 1863/64
209 619 177 26 prästeståndets
401 619 156 21 bankrevisor.

102 650 54 19 1867
175 649 71 20 förste
263 650 72 25 suppl.
354 649 35 20 för
406 649 177 26 prästeständets
601 649 73 20 bank-

71 679 92 20 revisor.

103 709 55 20 1872
175 709 69 20 förste
261 709 74 26 suppl.
355 709 34 20 för
407 709 177 26 prästeständets
602 709 72 20 bank-

72 738 91 21 revisor.

69 795 133 28 Bergstedt,
220 795 55 22 Carl
292 795 92 25 Gustaf,

72 833 14 21 f.
103 834 63 24 1807,
181 831 15 26 T
213 835 61 19 1866.
304 835 161 24 Borgmästare
478 835 6 20 i
499 834 118 25 Uleåborg.

103 862 92 27 1863/64
229 864 132 26 fullmäktig
392 865 36 19 för
461 864 123 26 Uleåborgs
618 865 57 20 stad.

72 893 100 21 Elektor.
202 894 53 20 Led.
269 894 6 20 i
290 894 55 25 Lag-
360 895 43 19 och
418 894 73 20 Ekon.
506 894 59 21 utsk.
597 894 78 26 Suppl.

72 923 6 20 i
95 923 70 21 Ensk.
182 924 64 20 Besv.
262 924 59 20 utsk.

47 982 2 5 |
69 974 97 27 Berner,
183 974 58 23 Axel
258 975 123 27 Emanuel,

72 1013 16 21 f.
110 1014 62 24 1810,
193 1011 14 25 T
230 1014 61 20 1884.

72 1044 193 26 kontraktsprost.

105 1074 55 20 1872
172 1074 54 20 vald
237 1074 24 20 af
273 1074 73 26 Borgå
357 1074 60 20 stifts
430 1074 153 26 prästerskap.
597 1074 79 26 Suppl.

72 1103 7 20 i
94 1104 52 20 Bev.
163 1104 59 20 utsk.
253 1104 53 20 Led.
323 1104 5 20 i
345 1104 62 20 först.
425 1104 120 20 Statsutsk.
577 1104 78 26 Suppl
671 1103 6 20 i

73 1134 63 20 först.
154 1134 119 20 Statsutsk.

327 1014 149 26 Kyrkoherde
497 1014 6 20 i
523 1013 153 25 Pieksämäki,

70 1196 98 27 Berner,
191 1198 74 25 (1891:
293 1197 106 26 Berneri,
427 1198 65 21 1906:
519 1196 159 29 Saloheimo),

100 1226 124 27 Emanuel,

73 1265 15 20 f.
107 1266 62 23 1842,
186 1262 14 26 T
220 1266 61 20 1909.
313 1265 108 21 Filosofie
437 1266 117 24 kandidat,
571 1265 108 27 magister

75 1296 62 20 1869.
172 1295 91 21 Notarie
282 1296 6 20 i
308 1295 105 26 Wiborgs
431 1296 86 20 hofrätt
537 1296 62 20 1878.
633 1296 45 20 Hä-

72 1325 151 25 radshöfding
233 1326 7 19 i
249 1326 146 26 Rautalampi
405 1326 109 25 domsaga
526 1326 151 20 1887—1892.

74 1354 166 21 Föreståndare
254 1355 36 21 för
305 1356 286 25 Kansallisosakepankkis
607 1356 71 20 afdel-

74 1384 151 26 ningskontor
242 1385 5 20 i
265 1385 29 20 St.
311 1385 82 20 Michel
412 1386 61 20 1893.

105 1414 55 20 1867
180 1414 87 20 notarie
286 1414 7 20 i
311 1414 166 21 bondeståndet
499 1412 35 27 (fr.
556 1416 24 19 17
601 1412 76 28 april).

106 1444 55 19 1882
174 1444 132 25 fullmäktig
319 1444 35 20 för
368 1445 80 19 staden
461 1445 30 19 St.
505 1444 90 20 Michel.
624 1444 53 20 Led.

74 1473 43 20 och
129 1473 140 21 sekreterare
279 1474 5 19 i
297 1474 48 20 2:ra
357 1473 146 26 afdelningen
515 1474 6 20 i
533 1474 74 20 Ekon.
618 1474 60 20 utsk.

78 1499 35 27 (fr.
135 1504 25 19 21
183 1501 76 28 april).
294 1503 53 21 Led.
369 1504 6 20 i
397 1503 57 27 Exp.
475 1504 60 20 utsk.
572 1504 79 25 Suppl.
672 1503 7 20 i

74 1532 108 26 Lagutsk.
204 1530 40 27 (till
262 1534 25 19 21
306 1531 76 28 april).

106 1563 54 20 1897
175 1563 130 26 fullmäktig
316 1563 36 20 för
365 1564 80 20 staden
457 1564 30 20 St.
501 1563 90 20 Michel.
612 1563 66 20 Elek-

74 1593 42 19 tor.
150 1592 53 21 Led.
222 1593 6 19 i
247 1593 52 20 Bev.
318 1593 59 20 utsk.

106 1623 56 19 1899
173 1622 132 26 fullmäktig
315 1623 35 20 för
362 1623 80 20 staden
453 1623 30 20 St.
495 1622 89 21 Michel.

76 1653 40 18 tor.
152 1651 78 26 Suppl.
250 1652 6 19 i
277 1652 107 25 Lagutsk.

106 1681 56 20 1900
174 1681 132 26 fullmäktig
318 1682 35 20 för
366 1683 78 19 staden
458 1682 30 20 St.
502 1681 89 21 Michel.
613 1682 65 20 Elek-

76 1711 40 19 tor.
150 1710 65 21 Ordf.
232 1711 7 20 i
257 1711 55 25 Lag-
331 1711 42 20 och
392 1711 73 20 Ekon.
483 1711 60 20 utsk.

612 1622 66 21 Elek-

705 192 127 28 Bergroth,
850 192 56 22 Clas
924 192 91 26 Gustaf,

708 231 15 20 f.
744 232 61 22 1812,
825 228 14 23 1
861 232 61 19 1873.
957 231 111 26 Kapellan
1087 231 6 20 i
1112 231 98 24 Jääskis,
1232 231 55 19 1870
1307 230 4 19 i

708 261 118 20 Puumala.
858 261 138 26 Vicepastor.

740 289 90 27 1863/64
855 292 53 20 vald
931 291 24 20 af
978 291 74 26 Borgä
1076 292 58 20 stifts
1158 290 153 27 prästerskup.

709 321 52 20 Led.
779 321 6 19 i
802 321 70 20 Ensk.
889 321 63 21 Besv.
971 322 59 19 utsk.

706 364 180 28 Björkenheim,
903 366 73 22 Adolf
992 366 101 27 Edvard,
1328 365 2 6 |

709 404 14 20 f.
748 405 62 20 1856.
847 405 156 20 Possessionat
1025 405 29 26 pä
1076 404 115 26 Orisberg.
1230 404 82 20 Landt-

709 434 119 21 bruksräd.

741 466 53 19 1885
813 465 6 19 i
837 465 158 25 ridderskapet
1012 466 43 19 och
1073 466 73 19 adeln.

741 496 54 19 1888
811 495 5 20 i
832 495 157 26 ridderskapet
1005 496 44 19 och
1064 496 74 20 adeln.

741 526 53 19 1891
808 525 6 20 i
828 525 156 26 ridderskapet
997 526 43 19 och
1053 526 66 20 adeln
1136 522 44 27 (för
1194 526 60 19 ätten
1269 524 43 20 Ek-

709 553 73 26 bom).

742 586 53 19 1897
808 585 7 20 i
826 585 157 26 ridderskapet
994 587 43 18 och
1050 586 65 20 adeln
1131 583 44 26 (för
1188 585 52 20 frih.
1253 585 62 20 ätten

711 609 117 36 Nikolaij).
1040 641 3 3 .

741 646 55 20 1899
819 646 5 19 i
847 645 159 26 ridderskapet
1028 646 42 20 och
1093 646 66 20 adeln
1186 643 44 26 (för
1253 645 60 20 ätien

710 673 105 26 Jordan).

741 706 55 19 1900
820 706 5 19 i
848 705 158 26 ridderskapet
1028 706 43 19 och
1093 706 68 19 adeln
1186 703 45 26 (för
1253 705 61 20 ätten

710 733 105 27 Jordan).

741 764 91 27 1904j05
851 766 4 19 i
872 766 158 25 ridderskapet
1046 766 43 19 och
1106 766 66 20 adeln
1194 762 43 27 (för
1253 765 61 19 ätten

711 794 105 26 Jordan).

708 841 180 28 Björkenheim,
906 841 55 23 Carl
978 842 57 22 Axel
1054 842 105 26 Fredrik,

712 881 14 20 f.
743 882 61 23 1843,
818 879 14 24 T
847 882 62 19 1907.
931 881 165 26 Brukspatron.
1117 879 196 22 Landtbruksräd.

743 911 54 20 1872
810 911 6 20 i
827 911 158 26 ridderskapet
997 911 42 20 och
1052 911 68 20 adeln
1132 908 46 26 (för
1189 910 52 20 frih.
1254 910 63 19 ätten

712 938 166 27 Cedercreutz).

743 971 55 20 1882
822 971 6 20 i
852 971 159 26 ridderskapet
1034 971 43 20 och
1100 971 73 20 adeln.
1207 970 77 25 Suppl.
1310 968 6 20 i

712 1001 73 20 Ekon.
800 1001 59 20 utsk.
879 998 35 27 (fr.
930 1002 25 19 21
973 1001 57 26 april
1044 1001 33 20 till
1092 1001 13 20 8
1120 998 65 28 maj).

744 1032 54 19 1885
821 1031 5 20 i
848 1031 158 25 ridderskapet
1030 1031 42 20 och
1096 1031 73 20 adeln.
1208 1030 78 26 Suppl
1311 1028 5 20 i

712 1061 66 20 Allm.
795 1061 63 20 Besv.
874 1061 59 20 utsk.
953 1058 35 26 (fr.
1006 1062 26 19 16
1046 1060 33 21 till
1094 1061 28 19 30
1137 1058 77 28 april).
1332 1056 2 13 |

744 1091 52 19 1891
812 1090 5 20 i
830 1090 158 26 ridderskapet
1000 1091 43 19 och
1056 1091 73 19 adeln.
1157 1090 53 20 Led.
1223 1090 7 20 i
1242 1089 74 19 Ekon.

712 1120 59 21 utsk.

744 1151 55 19 1894
811 1150 6 20 i
829 1150 158 26 ridderskapet
999 1151 43 19 och
1054 1150 66 20 adeln
1135 1147 43 27 (för
1191 1150 52 20 frih.
1255 1150 62 19 ätten

713 1178 173 28 Stjerncrantz).
917 1180 53 20 Led.
987 1180 6 20 i
1008 1180 73 20 Ekon.
1097 1180 59 20 utsk.

744 1211 54 19 1897
811 1210 6 20 i
828 1210 158 26 ridderskapet
998 1210 43 20 och
1053 1210 66 20 adeln
1135 1207 45 26 (för
1191 1209 52 21 frih.
1255 1209 62 19 ätten

713 1238 163 28 Stackelberg).
907 1240 100 20 Elektor.
1037 1240 53 20 Led.
1106 1240 5 20 i
1127 1240 73 20 Ekon.
1216 1239 58 20 utsk.

745 1271 55 19 1899
812 1270 7 20 i
830 1270 158 26 ridderskapet
999 1270 43 20 och
1054 1270 64 20 adeln
1135 1267 44 27 (för
1191 1270 52 19 frih.
1256 1269 61 19 ätten

713 1297 164 29 Stackelberg).

745 1330 55 20 1900
812 1330 6 20 i
830 1330 158 26 ridderskapet
999 1330 42 20 och
1054 1330 66 20 adeln
1136 1327 44 26 (för
1192 1329 52 20 frih.
1256 1329 62 19 ätten

713 1357 178 27 Mannerheim).

745 1389 91 26 1904/05
854 1390 6 20 i
879 1390 157 26 ridderskapet
1055 1390 43 20 och
1116 1390 66 20 adeln
1203 1386 45 26 (för
1265 1388 52 20 frih.

713 1420 63 20 ätten.
794 1417 163 28 Stackelberg).

711 1463 182 28 Björkenheim,
910 1464 86 23 Gustaf
1011 1464 72 22 Adolf
1099 1464 92 24 Alfons,

715 1503 14 20 f.
744 1504 62 19 1866.
833 1503 205 26 Bruksdisponent.
1065 1502 176 21 Kommerseräd
1256 1502 61 20 1907.

746 1533 55 20 1894
816 1533 6 20 i
836 1533 160 26 ridderskapet
1011 1533 43 20 och
1070 1533 73 20 adeln.
1335 1551 2 8 !

746 1563 54 20 1897
817 1563 5 20 i
838 1563 159 25 ridderskapet
1012 1563 43 20 och
1071 1563 73 20 adeln.
1335 1562 2 22 !

746 1593 56 20 1899
817 1592 7 20 i
839 1592 157 26 ridderskapet
1012 1593 43 19 och
1071 1592 73 20 adeln.
1336 1586 1 33 |

746 1623 56 20 1900
824 1623 6 19 i
853 1622 158 25 ridderskapet
1034 1622 43 20 och
1100 1622 72 20 adeln.
1212 1621 77 25 Suppl
1315 1619 22 24 il

715 1652 121 20 Statsutsk.
854 1649 35 26 (fr.
905 1653 25 18 21
946 1649 66 28 maj).
1336 1649 2 19 |

746 1679 92 28 1904/05
855 1681 7 20 i
878 1681 158 25 ridderskapet
1054 1681 43 20 och
1114 1681 72 20 adeln.
1220 1679 99 21 Elektor.
1337 1686 1 4 |

716 1711 52 20 Led.
783 1711 6 20 i
804 1711 121 20 Statsutsk.
1337 1716 1 10 |
