1509 1870
704 84 156 24 Personregister.

155 204 94 27 Tavast,
268 204 106 28 Hjalmar
390 204 102 27 Edvard,

133 267 2 2 |
159 243 15 20 f.
194 244 63 20 1880.
290 243 142 21 Farmaceut.

190 272 93 26 1905/06
299 274 7 20 i
321 273 158 26 ridderskapet
497 274 43 20 och
557 273 73 21 adeln.

156 329 187 27 Tavaststjerna,
360 329 58 23 Axel
435 329 97 23 Gabriel
550 329 118 27 Wilhelm,

159 368 15 20 f.
191 368 63 24 1837,
271 366 14 25 +
301 366 38 28 8/3
350 368 62 21 1891.
444 368 100 21 Kanslist
560 368 6 21 i
582 370 104 18 senatens
702 367 61 20 civil-

159 398 137 26 expedition.
316 398 80 21 Förste
408 398 200 21 kammarförvant
624 398 61 24 1877,
699 398 63 20 kam-

159 434 35 14 rer
213 429 56 19 1882
286 428 6 20 i
308 428 249 26 militieexpeditionen.

190 458 56 20 1872
264 458 7 19 i
288 458 157 25 ridderskapet
464 459 42 19 och
524 458 74 20 adeln.

190 486 93 27 1877/78
299 489 7 20 i
322 487 158 26 ridderskapet
497 488 42 20 och
557 488 73 20 adeln.

191 518 55 20 1885
264 517 7 20 i
288 517 158 26 ridderskapet
464 518 42 20 och
524 518 74 20 adeln.

191 548 55 19 1888
259 547 6 20 i
276 547 157 26 ridderskapet
444 548 43 20 och
499 548 66 20 adeln
579 545 44 26 (för
634 548 64 19 ätten
707 547 57 20 Rein

158 577 147 25 jan.—mars,
322 578 42 19 och
380 578 69 20 sedan
466 577 35 21 för
516 578 63 19 ätten
594 574 170 28 Godenhjelm).

160 606 78 26 Suppl.
256 606 6 20 i
280 607 50 20 Bev.
348 607 59 20 utsk.

191 637 53 20 1891
261 636 6 20 i
280 637 156 26 ridderskapet
450 637 43 21 och
506 637 67 21 adeln
590 634 44 27 (för
646 637 63 20 ätten
722 636 42 20 Go-

159 664 136 28 denhjelm).

157 722 187 28 Tavaststjerna,
361 722 54 23 Carl
427 723 87 27 Johan,

161 761 14 20 f.
190 762 62 23 1812,
266 759 14 25 f
293 762 61 20 1881.
382 754 212 41 Öfverstelöjtnant,
606 762 158 26 polismästare

160 791 6 19 i
184 791 143 26 Helsingfors
347 792 151 20 1852—1867.
532 792 110 20 OÖfverste.

192 820 92 26 1863/64
303 823 5 19 i
327 821 157 26 ridderskapet
504 822 43 20 och
566 822 74 20 adeln.

192 852 54 19 1867
266 851 6 20 i
289 851 157 26 ridderskapet
464 852 43 20 och
524 852 74 20 adeln.

157 906 186 28 Tavaststjerna,
361 906 54 23 Carl
427 908 87 26 Johan,

161 945 14 20 f.
192 946 62 23 1815,
277 943 6 25 1
299 947 61 19 1874.
390 942 105 25 Öfverste
508 947 42 20 och
563 946 152 20 kommendör
729 946 36 20 för

161 975 29 20 St.
215 975 95 21 Michels
334 975 109 27 bataljon.
476 975 183 26 Generalmajors
684 975 82 21 afsked

163 1006 61 19 1868.

191 1033 92 27 1863/64
300 1035 5 20 i
322 1035 157 26 ridderskapet
496 1036 42 20 och
556 1036 65 20 adeln
642 1033 44 26 (för
702 1036 63 19 ätten

160 1064 104 21 Granfelt
280 1065 27 20 fr.
324 1065 47 26 jan.
390 1063 75 26 1864).

156 1120 188 28 Tavaststjerna,
360 1120 104 23 Frithiof
478 1121 92 25 Alarik,

160 1159 15 20 f.
195 1160 63 24 1824,
276 1156 14 26 1
308 1160 62 20 1896.
404 1160 178 26 Generalmajor.

191 1190 57 19 1888
270 1189 6 20 i
298 1189 157 26 ridderskapet
476 1190 43 20 och
542 1190 66 20 adeln
634 1187 44 27 (för
700 1189 63 26 grefl.

160 1219 60 19 ätten
236 1218 133 26 Cronhjelm
386 1219 23 20 af
425 1217 131 28 Hakunge).

192 1249 53 20 1891
266 1248 6 20 i
289 1248 157 27 ridderskapet
464 1250 42 20 och
524 1250 73 20 adeln.

191 1278 56 20 1894
264 1278 7 20 i
288 1278 157 26 ridderskapet
463 1280 42 19 och
524 1280 72 20 adeln.

157 1340 187 28 Tavaststjerna,
361 1340 64 23 Onni
442 1342 106 26 Fredrik,

159 1378 15 21 f.
201 1380 64 20 1871.
296 1380 112 20 Medicine
431 1380 117 24 kandidat,
575 1380 99 20 licentiat
700 1380 63 23 1899,

160 1408 83 21 doktor
257 1409 60 20 1905.
338 1405 149 25 Öfverläkare
499 1409 36 21 vid
549 1410 141 20 Tavastehus
703 1410 60 19 läne-

160 1438 105 25 sjukhus.

190 1469 56 20 1897
262 1468 7 20 i
283 1468 157 27 ridderskapet
456 1469 42 20 och
515 1469 66 20 adeln
601 1466 44 27 (för
661 1474 54 20 egen
731 1469 33 19 ätt

159 1497 34 20 till
206 1498 12 20 5
232 1504 68 18 mars,
316 1498 35 21 för
366 1499 60 20 ätten
441 1505 44 14 von
500 1499 86 20 Becker
599 1499 27 20 fr.
640 1499 13 20 8
668 1495 67 29 apr.).

156 1559 188 28 Tavaststjerna,
361 1561 93 21 Verner
469 1561 104 26 Nikolai,

159 1597 15 21 f.
189 1599 63 19 1848.
279 1595 145 25 Öfverlärare
435 1599 38 21 vid
485 1599 77 21 finska
573 1600 189 25 normallyceum.

158 1624 274 30 Öfverdirektörsadjoint
443 1629 8 20 i
460 1629 228 26 skolöfverstyrelsen
700 1629 62 21 1903.

159 1656 119 21 Guvernör
294 1658 5 20 i
316 1658 90 26 Kuopio
422 1659 37 20 län
478 1660 150 19 1911—1913.

190 1688 56 19 1882
264 1687 5 20 i
287 1687 158 27 ridderskapet
462 1689 42 20 och
522 1689 74 20 adeln.

190 1717 56 20 1888
264 1717 5 19 i
287 1717 157 26 ridderskapet
462 1719 42 19 och
522 1719 74 20 adeln.

796 157 165 23 (Tavaststjerna,
974 157 77 18 Verner
1064 157 97 23 Nikolai,)

830 209 54 20 1891
902 210 7 20 i
925 208 159 26 ridderskapet
1101 209 43 20 och
1162 209 74 20 adeln.

830 239 54 20 1897
900 238 7 20 i
922 238 158 26 ridderskapet
1096 239 43 20 och
1155 239 65 20 adeln
1240 236 36 27 (fr.
1293 240 13 20 5
1322 235 79 27 mars).

830 269 56 19 1899
903 268 6 20 i
927 268 157 26 ridderskapet
1102 269 44 19 och
1163 269 73 20 adeln.

831 298 55 20 1900
903 298 8 20 i
927 298 157 26 ridderskapet
1100 299 44 19 och
1162 299 74 20 adeln.

831 326 91 27 1904/05
941 328 7 20 i
967 328 157 26 ridderskapet
1143 328 43 20 och
1206 328 73 20 adeln.

796 383 124 28 Teetgren,
938 383 55 23 Carl
1010 384 92 27 Gustaf,

800 422 15 20 f.
832 424 62 23 1787,
910 420 13 25 $
941 424 62 19 1865.
1033 422 301 22 Referendariesekreterare
1349 423 8 20 i
1370 429 32 14 se-

799 454 80 19 natens
900 452 267 26 justitiedepartementet
1190 454 150 19 1832—1853.

831 481 91 26 1863/64
941 482 5 20 i
966 482 158 26 ridderskapet
1143 483 43 20 och
1206 483 73 20 adeln.

796 538 149 28 Tegengren,
963 538 70 22 Ernst
1049 538 119 27 Wilhelm,

800 577 14 20 f.
836 578 61 23 1835,
917 575 14 24 1
952 578 62 20 1910.
1048 577 147 21 Hofrättsräd
1214 577 6 20 i
1240 578 58 20 Vasa
1316 577 86 21 hofrätt

801 608 150 19 1882—1899.

830 638 54 19 1885
904 637 131 25 fullmäktig
1055 637 35 20 för
1110 638 79 19 staden
1210 636 65 22 Vasa.

799 666 107 26 Lagutsk.
924 668 12 18 2
952 666 46 21 afd.
1018 664 35 27 (fr.
1072 667 26 20 10
1114 664 68 28 apr.).

797 711 127 27 Teittinen,
942 711 87 23 Kaarlo
1047 711 90 22 Henrik
1154 711 78 27 (Kalle
1250 712 104 26 Heikki),

800 751 15 19 f.
830 752 62 22 1851,
905 748 14 25 T
934 751 62 20 1912.
1016 750 112 21 Klockare
1140 751 43 19 och
1195 751 190 25 hemmansägare
1396 750 7 20 i

800 781 117 19 Sortavala
934 780 90 20 socken.

832 812 54 19 1885
898 810 131 26 fullmäktig
1040 810 36 20 för
1086 810 118 20 Sortavala
1215 811 115 25 domsaga.
1349 810 53 21 Led.

800 840 7 20 i
824 840 106 26 Lagutsk.
948 840 43 20 och
1009 840 6 20 i
1033 840 63 20 först.
1116 840 120 20 Statsutsk.
1270 840 78 26 Suppl.
1366 839 38 21 två

799 870 83 26 gänger
900 870 6 20 i
925 870 63 20 först.
1008 870 121 20 Statsutsk.

832 901 54 19 1888
896 900 131 26 fullmäktig
1038 900 35 20 för
1086 900 117 20 Sortavala
1214 900 116 26 domsaga.
1349 900 53 20 Led.

800 929 5 20 i
822 930 180 25 Strafflagsutsk.
1020 930 42 19 och
1078 930 6 19 i
1100 930 64 19 först.
1180 930 121 19 Statsutsk.

832 960 52 20 1891
897 959 131 26 fullmäktig
1039 959 36 20 för
1086 959 117 20 Sortavala
1215 960 115 25 domsaga.
1349 959 53 21 Led.

800 989 5 19 i
824 988 106 26 Lagutsk.
948 989 42 20 och
1007 989 6 20 i
1031 989 63 20 först.
1111 989 52 20 Bev.
1180 989 60 20 utsk.

831 1019 54 20 1894
915 1018 131 26 fullmäktig
1075 1019 36 20 för
1140 1019 117 20 Sortavala
1286 1019 115 25 domsaga.

800 1048 99 21 Elektor.
927 1048 53 21 Led.
992 1049 6 20 i
1011 1049 107 25 Lagutsk.
1132 1049 43 20 och
1186 1049 6 20 i
1205 1049 63 20 först.
1281 1048 120 21 Statsutsk.

800 1078 78 25 Suppl.
895 1078 6 20 i
917 1078 63 20 först.
997 1078 108 25 Lagutsk.

831 1108 54 20 1897
915 1107 130 26 fullmäktig
1075 1108 35 20 för

1310 636 64 21 Ordf.
1396 636 5 20 i

1140 1108 117 20 Sortavala
1286 1108 115 26 domsaga.

800 1137 99 21 Elektor.
931 1137 53 21 Led.
1001 1137 7 21 i
1024 1138 108 25 Lagutsk.
1164 1138 78 26 Suppl
1260 1138 6 20 i
1283 1137 118 26 Spräkpet.

799 1167 59 20 utsk.

831 1198 55 19 1899
915 1196 130 26 fullmäktig
1074 1197 37 20 för
1140 1197 118 20 Sortavala
1286 1198 115 24 domsaga.

800 1226 99 20 Elektor.
933 1226 53 21 Led.
1005 1227 5 20 i
1029 1227 108 25 Lagutsk.

831 1256 55 20 1900
915 1256 131 26 fullmäktig
1075 1256 36 20 för
1139 1256 118 21 Sortavala
1286 1257 115 25 domsaga.

799 1286 147 20 Vicetalman.
984 1286 53 20 Led.
1061 1286 6 20 i
1089 1286 175 21 Talmanskonf.
1302 1286 99 20 Elektor.

800 1316 52 20 Led.
868 1315 5 21 i
888 1316 107 25 Lagutsk.
1010 1316 42 20 och
1066 1316 7 20 i
1088 1316 63 20 först.
1167 1316 52 20 Bev.
1234 1316 59 20 utsk.
1323 1316 78 26 Suppl.

799 1345 6 20 i
822 1346 58 20 Just.
897 1346 59 20 utsk.

831 1374 90 26 1904/05
941 1375 131 26 fullmäktig
1092 1375 36 21 för
1148 1376 117 20 Sortavala
1286 1376 115 25 domsaga.

799 1404 53 21 Led.
870 1404 6 21 i
894 1405 77 20 Järnv.
990 1405 59 20 utsk.

796 1442 152 28 Tengström,
965 1443 105 26 Gabriel,

799 1481 15 20 f.
828 1482 62 23 1801,
903 1479 14 25 $
932 1482 62 20 1885.
1014 1482 161 25 Borgmästare
1186 1481 7 21 i
1205 1482 126 21 Jakobstad
1346 1483 56 19 1836

797 1512 95 19 —1873.
924 1511 206 20 Hofrättsassessor
1147 1512 63 20 1865.

830 1539 91 27 1863/64
937 1541 131 26 fullmäktig
1084 1541 36 20 för
1136 1541 134 20 Jakobstad.
1301 1541 99 20 Elektor.

799 1571 53 20 Led.
867 1571 6 20 i
887 1571 73 20 Ekon.
975 1571 69 23 utsk.;
1059 1571 6 20 i
1080 1571 66 20 Allm.
1162 1571 63 20 Besv.
1240 1571 68 23 utsk.;
1322 1571 7 20 i
1343 1571 57 20 Just.

799 1600 59 20 utsk.
876 1601 42 19 och
936 1600 6 20 i
961 1600 69 20 Ensk.
1049 1601 65 19 Besv.
1131 1601 60 19 utsk.

830 1630 54 20 1872
911 1629 130 27 fullmäktig
1065 1630 36 20 för
1126 1630 134 20 Jakobstad.
1301 1630 99 20 €Elektor.

798 1659 53 20 Led.
865 1659 6 20 i
886 1659 157 26 Sjölagsutsk.;
1058 1660 6 20 i
1078 1660 58 20 Just.
1150 1660 69 23 utsk.;
1234 1660 6 20 i
1255 1660 62 20 först.
1332 1660 68 20 Stats-

798 1689 59 20 utsk.
876 1689 43 20 och
936 1689 7 20 i
962 1689 62 21 först.
1044 1689 52 21 Bev.
1115 1689 60 20 utsk.
1209 1689 77 26 Suppl
1305 1689 7 20 i
1330 1689 70 20 Ensk.

798 1718 64 20 Besv.
877 1718 59 20 utsk.
954 1719 43 20 och
1013 1718 6 21 i
1035 1718 65 21 först.
1117 1719 121 20 Statsutsk.
