1506 1870
123 79 36 18 382

696 83 156 24 Personregister.

148 200 170 28 Wasastjerna,
336 202 54 23 Karl
407 202 85 28 Oscar,

151 240 15 20 f.
182 240 64 21 1853.
275 240 107 27 Löjtnant
395 241 37 22 vid
444 242 78 21 finska
534 242 221 27 gardesbataljonen.

151 270 89 26 Kapten
258 270 7 21 i
282 270 86 22 afsked.
392 272 97 20 Kamrer
505 272 7 20 i
528 272 229 27 brandstodsbolaget

151 299 36 21 för
199 300 78 21 landet
291 301 149 21 1897—1911.
468 302 247 26 Riddarhusgenealog.

183 330 55 20 1885
262 330 7 20 i
291 330 157 27 ridderskapet
470 332 43 20 och
537 332 67 21 adeln
628 329 46 27 (för
694 333 62 20 ätten

151 357 129 27 Stålhane).

183 390 56 20 1888
251 389 7 21 i
270 390 156 27 ridderskapet
438 392 43 20 och
492 392 68 20 adeln
573 388 45 28 (för
629 392 54 20 frih.
694 392 62 20 ätten

152 416 130 28 Sackleen).
311 420 79 26 Suppl.
405 420 7 21 i
427 420 109 22 Riddarh.
552 421 60 21 utsk.

182 450 54 19 1891
263 449 6 20 i
291 449 157 27 ridderskapet
471 451 43 20 och
536 452 69 19 adeln
629 448 44 28 (för
694 452 62 20 ätten

151 476 160 29 Ridderborg).
343 480 53 21 Led.
413 481 7 21 i
436 480 109 21 Riddarh.
562 481 60 20 utsk.

183 509 55 20 1894
255 508 6 21 i
278 509 156 26 ridderskapet
450 511 44 20 och
509 511 66 20 adeln
595 508 44 27 (för
654 516 54 21 egen
724 511 32 20 ätt

151 537 34 20 till
199 539 9 20 1
224 538 58 21 febr.
295 539 70 21 sedan
379 539 36 21 för
428 541 61 20 ätten
504 538 122 28 Agricola).
656 541 100 20 Elektor.

151 567 79 26 Suppl.
246 567 7 21 i
268 568 52 21 Bev.
334 569 60 21 utsk.
424 570 54 21 Led.
483 563 12 36 i
513 570 64 21 först.
592 570 121 21 Statsutsk.

182 598 55 21 1897
262 597 7 22 i
290 598 157 27 ridderskapet
470 600 43 21 och
536 600 66 21 adeln
628 597 44 28 (för
694 601 63 20 ätten

151 626 195 28 Munsterhjelm).
375 629 101 21 Elektor.

183 658 56 20 1899
261 658 7 21 i
289 658 158 27 ridderskapet
469 659 43 21 och
535 660 66 21 adeln
627 657 45 27 (för
695 661 61 20 ätten

151 685 195 29 Munsterhjelm).
375 689 100 21 Elektor.

183 717 55 21 1900
262 717 6 21 i
290 717 158 28 ridderskapet
470 719 42 21 och
535 719 67 21 adeln
627 716 46 28 (för
694 720 62 20 ätten

151 745 195 28 Munsterhjelm).
371 741 8 38 =
382 748 100 22 Elektor.
518 749 53 21 Led.
592 749 8 21 i
619 749 64 21 först.
703 749 52 21 Bev.

150 777 60 20 utsk.

182 805 94 27 1904/05
292 809 6 20 i
314 807 158 28 ridderskapet
488 809 43 20 och
548 809 66 21 adeln
633 805 46 28 (för
694 809 62 21 ätten

150 835 196 28 Munsterhjelm).
381 838 100 21 Elektor.
516 838 179 27 Ridderskapets
713 839 43 20 och

151 866 79 21 adelns
244 867 75 26 suppl.
333 867 7 21 i
353 867 262 27 Antells-delegationen.

183 894 94 27 1905/06
293 897 7 20 i
317 897 158 27 ridderskapet
493 899 43 20 och
554 899 66 20 adeln
641 895 45 28 (för
702 898 53 21 frih.

150 925 62 21 ätten
231 924 125 28 Hisinger).
390 927 100 21 Elektor.
524 928 53 20 Led.
595 928 8 20 i
620 928 64 21 först.
703 929 52 19 Bev.

151 955 60 21 utsk.

148 1010 170 28 Wasastjerna,
336 1012 63 24 Knut
414 1012 86 29 Edgar,

151 1049 16 21 f.
184 1050 63 20 1867.
277 1050 110 22 Arkitekt.

183 1080 55 20 1894
255 1079 7 21 i
276 1080 157 27 ridderskapet
448 1082 43 20 och
506 1082 67 20 adeln
593 1078 36 28 (fr.
645 1082 28 20 24
689 1079 66 29 apr.).

148 1134 171 28 Wasastjerna,
335 1136 91 22 Osvald
443 1136 106 28 Severin,

151 1173 15 21 f.
190 1174 64 21 1864.
288 1174 244 28 Vicehäradshöfding,
553 1177 153 25 possessionat
727 1177 30 27 pä

152 1202 114 23 Gumböle
277 1204 7 20 i
296 1204 69 21 Esbo.

183 1234 55 20 1894
260 1234 5 20 i
283 1234 158 27 ridderskapet
460 1236 43 20 och
521 1236 67 20 adeln
611 1233 36 27 (fr.
668 1238 9 19 1
698 1236 57 22 febr.

151 1262 33 21 till
199 1264 28 19 24
243 1260 67 30 apr.).

148 1318 170 29 Wasastjerna,
334 1319 74 23 Selim
424 1320 100 26 Osvald,

151 1357 15 20 1.
180 1358 63 20 1831.
270 1357 120 22 Medicine-
401 1359 44 21 och
456 1359 100 26 kirurgie
566 1360 89 25 doktor,
666 1361 89 20 docent.

150 1387 121 21 Professor
287 1389 62 19 1876.

182 1415 93 27 1863/64
291 1417 7 20 i
315 1417 157 27 ridderskapet
489 1419 43 20 och
548 1419 67 21 adeln
634 1416 44 27 (för
694 1420 61 20 ätten

150 1443 82 27 Fock).

148 1502 170 28 Wasastjerna,
336 1503 52 23 Uno
404 1504 93 27 Alfons,

151 1539 15 21 f.
185 1541 64 24 1865,
266 1538 14 26 T
298 1542 63 20 1912.
392 1542 243 27 Vicehäradshöfding.
667 1543 88 21 Grund-

150 1570 91 26 läggare
258 1570 23 21 af
296 1570 78 22 finska
389 1572 190 26 telegrambyrän.

182 1600 56 20 1894
262 1600 6 20 i
289 1600 159 28 ridderskapet
470 1603 43 19 och
536 1603 67 20 adeln
628 1600 44 27 (för
693 1604 62 20 ätten

150 1627 127 27 Palmfelt).
307 1630 79 26 Suppl
402 1631 6 21 i
424 1631 107 27 Lagutsk.
551 1629 36 27 (fr.
603 1633 13 20 9
631 1630 66 28 maj).

182 1660 56 20 1897
262 1660 5 20 i
289 1660 159 27 ridderskapet
470 1662 43 20 och
536 1662 66 21 adeln
628 1659 44 27 (för
693 1663 62 20 ätten

150 1686 127 28 Palmfelt).
307 1690 78 26 Suppl.
400 1691 43 20 och
460 1688 36 27 (fr.
511 1692 27 20 26
551 1688 56 29 apr.)
625 1692 42 20 led.
681 1692 7 20 i
702 1692 53 20 Bev.

150 1718 60 20 utsk.

788 155 151 24 (Wasastjerna,
953 155 44 18 Uno
1010 154 87 24 Alfons,)

823 207 55 20 1899
903 206 174 26 iridderskapet
1102 206 43 20 och
1171 206 66 21 adeln
1265 202 45 28 (för
1334 206 61 20 ätten

791 233 126 27 Palmfelt).

822 266 57 20 1900
899 266 7 20 i
929 265 158 26 ridderskapet
1109 265 44 21 och
1176 265 66 21 adeln
1268 262 45 28 (för
1335 266 61 20 ätten

791 293 126 27 Palmfelt).
947 296 79 25 Suppl.
1045 295 3 21 i
1062 295 57 26 Lag-
1134 296 43 20 och
1192 295 73 21 Ekon.
1281 294 60 22 utsk.
1359 293 36 26 (fr.

791 326 13 20 6
819 332 61 14 mars
895 325 34 21 till
944 326 13 20 3
972 322 65 29 maj).

823 354 92 27 1904/05
931 355 7 21 i
954 354 159 27 ridderskapet
1129 355 43 21 och
1189 355 65 21 adeln
1274 351 45 28 (för
1335 355 61 19 ätten

791 382 126 28 Palmfelt).

823 413 92 27 1905/06
932 416 6 21 i
954 414 159 26 ridderskapet
1129 414 44 21 och
1189 415 68 20 adeln
1275 411 44 27 (för
1335 414 61 20 ätten

791 442 126 27 Palmfelt).
951 444 78 26 Suppl.
1048 444 7 20 i
1072 444 110 21 Riddarh.
1201 444 59 21 utsk.

789 501 132 26 Wasenius,
937 500 73 23 Adolf
1025 500 107 27 Fredrik,

791 540 16 21 f.
832 541 62 23 1829,
917 537 15 26 T
956 539 63 22 1903.
1056 539 138 21 Handlande
1216 539 7 20 i
1246 538 149 27 Helsingfors,

791 569 182 21 bruksdirektor.
1003 569 80 20 Dansk
1098 569 176 26 generalkonsul
1291 569 62 20 1895.

823 601 55 19 1872
900 599 131 26 fullmäktig
1051 599 36 20 för
1107 599 80 20 staden
1208 598 187 21 Fredrikshamn.

791 629 54 21 Led.
859 629 7 21 i
879 629 53 20 Bev.
945 629 60 20 utsk.
1019 629 44 20 och
1066 623 12 36 i
1095 629 64 20 först.
1174 628 121 21 Statsutsk.
1317 627 78 27 Suppl.

791 659 7 21 i
814 659 121 21 Statsutsk.
951 659 44 20 och
1010 659 7 20 i
1033 659 64 20 först.
1114 659 121 20 Statsutsk.

823 687 92 27 1877/78
944 689 71 20 andre
1044 689 74 26 suppl.
1148 688 37 21 för
1211 687 184 28 borgarständets

792 718 201 27 bankfullmäktig.

823 749 55 20 1882
891 748 132 26 fullmäktig
1035 748 36 21 för
1084 748 143 26 Helsingfors
1239 748 57 21 stad.
1317 747 78 26 Suppl.

792 778 6 21 i
810 778 78 21 Järnv.
900 778 59 21 utsk.
987 778 77 21 Andre
1076 778 74 26 suppi.
1164 778 35 21 för
1211 777 184 27 borgarständets

791 808 202 26 bankfullmäktig.
1022 807 188 27 Borgarständets
1223 808 75 26 suppl.
1312 807 8 21 i
1332 807 63 21 Stän-

791 837 251 27 derhusdelegationen.

823 869 55 20 1885
890 867 133 26 fullmäktig
1034 867 36 21 för
1083 867 143 26 Helsingfors
1240 867 56 21 stad.
1317 867 78 26 Suppl.

791 897 7 21 i
816 898 121 20 Statsutsk.
971 898 76 20 Andre
1065 897 74 27 suppi.
1158 897 35 21 för
1211 897 184 26 borgarständets

791 927 202 26 bankfullmäktig.
1023 927 188 26 Borgarständets
1224 927 74 26 suppl.
1311 927 8 21 i
1332 927 63 20 Stän-

791 957 250 26 derhusdelegationen.

823 988 56 20 1888
889 986 132 26 fullmäktig
1032 986 35 21 för
1079 986 143 26 Helsingfors
1233 987 57 20 stad.
1317 986 78 27 Suppl.

791 1016 7 21 i
816 1016 121 21 Statsutsk.
971 1016 76 21 Andre
1065 1017 74 26 suppi.
1158 1016 37 22 för
1211 1016 184 26 borgarständets

791 1046 203 26 bankfullmäktig.

823 1077 54 20 1891
892 1076 132 26 fullmäktig
1035 1076 38 20 för
1084 1076 143 26 Helsingfors
1240 1077 57 20 stad.
1318 1076 77 26 Suppl.

792 1106 7 20 i
813 1106 122 20 Statsutsk.

823 1136 54 20 1897
893 1135 132 27 fullmäktig
1038 1136 36 20 för
1088 1136 143 26 Helsingfors
1244 1136 57 20 stad.
1330 1136 65 20 Elek-

791 1167 42 19 tor.
863 1166 78 25 Suppl.
957 1165 6 21 i
977 1166 122 20 Statsutsk.

821 1196 56 20 1899
887 1195 132 26 fullmäktig
1029 1195 36 21 för
1075 1195 142 27 Helsingfors
1229 1196 56 20 stad.
1296 1195 99 21 Elektor.

822 1225 56 20 1900
889 1224 131 27 fullmäktig
1030 1225 36 21 för
1077 1225 143 26 Helsingfors
1231 1220 51 36 stad.
1298 1220 97 36 Elektor.

788 1287 133 26 Wasenius,
938 1287 87 22 Henric
1041 1287 87 27 Johan,

791 1325 16 21 f.
821 1326 62 24 1771,
896 1323 15 25 t
925 1326 63 21 1833.
1008 1326 237 27 Vicehäradshöfding
1259 1327 62 20 1798.
1342 1327 53 20 Pro-

791 1355 225 21 tokollssekreterare
1040 1356 7 20 i
1071 1356 235 26 regeringskonseljen
1333 1357 62 20 1809.

791 1385 189 26 Häradshöfding
999 1385 3 20 i
1019 1385 82 21 Masku
1117 1387 109 25 domsaga
1245 1387 62 19 1811.

822 1415 56 20 1809
897 1414 190 22 vicesekreterare
1104 1415 7 21 i
1129 1415 174 21 bondeständet.

788 1470 139 28 Wedenoja,
943 1470 30 23 O.
990 1470 36 28 H.,
1043 1479 23 14 se
1083 1471 127 23 Helander.

788 1536 128 28 Wegelius,
934 1536 91 22 Henrik
1041 1536 68 27 Eliel,

790 1575 15 20 f.
825 1575 62 21 1853.
920 1575 109 21 Filosofie
1046 1575 114 26 magister.
1193 1576 79 20 Förste
1288 1576 107 26 kapellan

791 1604 6 20 i
809 1604 130 21 Pedersöre.
967 1605 150 25 Kyrkoherde
1128 1605 6 21 i
1146 1605 82 21 Masku
1242 1606 62 24 1895,
1317 1606 7 20 i
1335 1606 59 20 Sast-

791 1634 61 20 mola
868 1634 62 21 1903.
958 1635 73 20 Prost.

822 1664 54 20 1891
892 1664 52 21 vald
959 1664 24 20 af
997 1660 49 25 Äbo
1061 1664 60 21 stifts
1135 1665 154 26 prästerskap.
1320 1664 75 22 Led.i

790 1694 58 20 Just.
863 1694 60 20 utsk.
942 1691 36 27 (fr.
994 1695 27 19 25
1036 1692 65 28 maj).
1131 1695 79 26 Suppl.
1225 1695 7 20 i
1246 1695 74 20 Ekon.
1335 1694 60 21 utsk.

791 1723 43 20 och
846 1723 7 20 i
866 1724 79 20 Järnv.
959 1724 59 20 utsk.
1047 1724 54 21 Led.
1115 1724 6 20 i
1135 1724 63 21 först.
1213 1724 52 21 Bev.
1279 1724 60 21 utsk.
