1492 1867
126 72 35 18 238

699 77 154 23 Personregister.

150 145 149 23 (Cedercreutz,
312 147 50 18 Emil
374 147 130 25 Waldemar,)

185 196 93 28 1904/05
295 199 5 20 i
316 199 157 27 ridderskapet
489 202 43 19 och
549 202 66 20 adeln
636 198 45 27 (för
696 202 61 20 ätten

153 234 44 13 von
217 226 82 27 Etter).
334 230 78 25 Suppl.
431 231 7 19 i
457 230 66 21 Allm.
544 232 46 19 Pet.
610 232 59 19 utsk.
689 232 43 19 och
751 231 6 20 i

153 257 64 21 först.
232 258 53 21 Bev.
299 259 59 20 utsk.

184 286 94 28 1905/06
292 289 7 20 i
315 289 157 27 ridderskapet
489 291 43 20 och
548 291 66 21 adeln
635 288 44 27 (för
696 292 60 19 ätten

152 324 45 14 von
213 316 82 27 Etter).

151 375 169 28 Cedercreutz,
337 377 85 22 Gustaf
437 378 79 22 Johan
534 378 126 28 Reinhold,

152 413 105 26 friherre,
276 416 14 19 f.
311 417 61 20 1876.
406 417 243 26 Vicehäradshöfding.
684 419 72 20 Brott-

152 445 149 21 mälsnotarie
319 446 6 20 i
344 447 143 26 Helsingfors
506 447 168 22 rädstufvurätt
694 449 61 20 1906.

184 473 93 28 1905/06
295 476 5 20 i
318 476 156 27 ridderskapet
492 479 42 19 och
553 478 65 20 adeln
640 475 45 27 (för
703 478 52 21 frih.

152 505 60 20 ätten
226 505 25 20 af
264 504 115 27 Schulten)
396 507 27 21 fr.
438 509 27 18 22
478 508 47 26 maj
541 509 61 20 1906.

150 561 168 29 Cedercreutz,
334 564 78 22 Johan
429 565 67 26 Axel,

151 601 105 25 friherre,
277 603 14 20 f.
312 603 62 25 1801,
394 601 14 25 %
429 602 112 28 %/,,1863.
577 605 178 26 Generalmajor,

151 633 116 24 guvernör
284 634 6 20 i
309 629 48 24 Äbo
376 634 43 20 och
439 634 152 26 Björneborgs
611 635 43 20 län.
691 635 64 20 Inne-

151 661 97 21 hafvare
262 662 24 20 af
300 663 145 25 Kjuloholms
463 664 174 21 fideikommiss.

182 689 94 27 1863/64
290 692 6 20 i
310 692 157 27 ridderskapet
482 694 43 20 och
540 695 73 19 adeln.

148 747 155 28 Cederholm,
321 748 54 23 Carl
392 750 92 28 August
500 751 118 25 Wilhelm,

151 786 14 20 f.
178 787 63 24 1864,
252 784 15 25 I
278 785 38 29 2/3
328 788 60 20 1905.
407 788 184 27 Underlöjtnant.
610 790 144 24 Bokhällare,

152 817 145 21 1898—1900
312 818 71 21 andre
397 819 92 20 kamrer
505 819 36 21 vid
558 820 110 20 Finlands
682 820 72 20 Bank.

150 846 109 21 Direktör
274 847 34 21 för
323 848 58 20 Vasa
397 849 69 20 bank.

181 877 56 20 1894
254 877 6 20 i
276 877 156 27 ridderskapet
448 880 42 19 och
507 880 73 20 adeln.

182 907 55 20 1899
254 907 6 20 i
276 907 156 28 ridderskapet
448 910 42 19 och
506 910 73 20 adeln.

181 937 55 19 1900
250 937 8 20 i
269 937 157 27 ridderskapet
438 940 42 19 och
492 940 73 19 adeln.

150 966 64 20 darh.
230 967 60 20 utsk.

181 994 93 28 1904/05
289 997 5 20 i
310 998 157 26 ridderskapet
482 1000 42 19 och
540 1000 72 20 adeln.

593 940 78 26 Suppl.
683 940 6 20 i
702 940 51 20 Rid-

147 1051 155 28 Cederholm,
318 1053 86 23 Gustaf
419 1054 71 27 Arne,

149 1090 14 21 f.
182 1092 64 20 1870.
279 1092 242 28 Vicehäradshöfding,
537 1094 126 21 sakförare.

180 1122 54 20 1897
253 1122 6 20 i
275 1122 156 27 ridderskapet
446 1124 43 20 och
504 1125 74 19 adeln.

180 1152 56 19 1899
259 1152 7 19 i
287 1152 157 27 ridderskapet
466 1154 42 19 och
532 1154 65 20 adeln

148 1178 81 27 Fock).

180 1211 55 20 1900
259 1211 7 20 i
287 1211 157 28 ridderskapet
467 1214 42 20 och
532 1214 68 20 adeln
625 1211 44 27 (för
691 1215 61 19 ätten

148 1238 81 27 Fock).
262 1241 78 27 Suppl.
354 1243 7 19 i
376 1243 66 20 Allm.
460 1243 62 21 Besv.
539 1244 59 20 utsk.
616 1245 43 19 och
675 1244 5 20 i
697 1244 55 25 Lag-

147 1270 60 21 utsk.
227 1268 37 27 (fr.
281 1272 12 20 8
308 1270 65 28 maj).

179 1299 93 27 1904/05
288 1301 7 21 i
310 1302 158 27 ridderskapet
484 1304 43 20 och
544 1304 66 20 adeln
631 1301 44 26 (för
691 1305 60 19 ätten

147 1328 81 26 Fock).
263 1331 77 26 Suppl.
357 1332 7 20 i
381 1333 107 26 Lagutsk.
522 1334 52 20 Led.
593 1334 6 19 i
618 1334 62 20 först.
700 1334 51 20 Bev.

147 1360 59 20 utsk.

178 1389 94 27 1905/06
288 1391 6 20 i
310 1391 158 28 ridderskapet
484 1394 43 19 och
544 1394 73 20 adeln.

147 1419 109 26 Lagutsk.
276 1418 36 27 (fr.
329 1423 27 18 24
373 1428 47 20 apr.
440 1421 73 26 1906).

625 1152 44 26 (för
692 1156 61 18 ätten

650 1394 78 26 Suppl.
745 1393 6 20 i

144 1469 144 29 Cederman,
305 1472 73 22 Frans
394 1473 84 27 Julius,

146 1508 15 21 f.
178 1510 62 23 1815,
256 1507 14 25 f
286 1511 61 20 1868.
378 1512 158 25 Borgmästare
551 1513 5 20 i
571 1513 95 20 Torneå.

178 1540 54 19 1867
252 1539 130 28 fullmäktig
399 1542 35 20 för
451 1543 78 20 staden
546 1542 96 21 Torneå.
674 1543 52 20 Led.
745 1542 5 20 i

146 1568 74 20 Ekon.
235 1569 60 21 utsk.
324 1571 78 26 Suppl
416 1571 5 20 i
434 1572 66 20 Allm.
515 1572 63 20 Besv.
592 1572 60 20 utsk.

144 1612 164 28 Cederström,
325 1614 64 28 Oloi,

120 1679 1 3 |
145 1651 105 25 friherre,
265 1652 15 20 f.
296 1654 61 24 1748,
379 1651 7 25 t
403 1655 61 19 1828.
494 1652 205 29 Öfverstelöjtnant
713 1655 38 20 vid

146 1681 111 21 Savolaks
268 1682 107 22 infanteri
389 1684 61 20 1791.
462 1680 121 25 Öfverste
578 1676 14 38 i
594 1685 82 20 armén
688 1685 61 20 1796.

145 1711 84 20 Afsked
250 1712 61 21 1804.

790 149 144 23 (Cederström,
947 149 62 23 Olof,)

824 202 55 20 1809
893 201 8 20 i
914 201 158 26 ridderskapet
1087 202 43 20 och
1145 202 73 20 adeln.
1249 201 52 21 Led.
1317 201 6 20 i
1339 201 56 25 Exp.

792 232 59 19 utsk.
869 228 36 27 (fr.
922 232 25 19 14
961 231 58 26 juni)
1038 232 43 19 och
1097 232 5 19 i
1118 232 69 19 Ensk.
1203 232 62 19 Besv.
1281 232 59 19 utsk.
1359 228 35 27 (fr.

793 261 27 20 26
833 258 68 29 juni).

790 305 166 28 Charpentier,
973 305 57 22 Axel
1048 305 106 25 Fredrik,

792 345 15 20 f.
829 345 61 20 1865.
925 345 182 25 Jurisutriusgue
1126 345 117 24 kandidat,
1263 345 131 20 senatskan-

792 375 54 20 slist.
875 375 60 20 Juris
949 375 82 20 doktor
1046 375 61 20 1898.
1137 375 256 20 Referendariesekrete-

792 411 50 13 rare
854 404 6 20 i
874 406 105 19 senatens
989 404 252 26 justitiedepartement,
1253 406 15 19 t.
1282 404 15 20 f.
1310 404 84 26 proku-

791 436 68 19 rator.
893 434 64 21 Skild
973 434 51 20 från
1043 434 49 20 sina
1109 435 106 20 ämbeten
1234 435 61 20 1910.
1330 435 64 19 Inne-

791 465 94 20 hafvare
902 465 24 19 af
942 464 114 21 Hahkiala
1074 465 174 20 fideikommiss.

823 495 54 19 1897
889 494 6 20 i
907 494 157 26 ridderskapet
1076 495 42 19 och
1131 495 72 20 adeln.
1230 495 77 25 Suppl
1320 494 5 20 i
1339 494 54 25 Lag-

791 524 59 20 utsk.
869 524 35 24 (fr.
921 524 26 20 10
961 522 76 26 febr.).

823 555 55 20 1899
889 554 6 20 i
907 554 156 26 ridderskapet
1076 555 42 20 och
1130 555 73 20 adeln.

792 584 58 21 utsk.

822 613 91 26 1904/05
931 614 138 21 sekreterare
1087 615 5 19 i
1110 615 55 25 Lag-
1183 615 42 20 och
1243 615 72 20 Ekon.
1334 614 58 20 utsk.

822 642 91 27 1905/06
934 645 6 19 i
960 644 158 26 ridderskapet
1139 645 42 19 och
1203 645 72 20 adeln.
1312 645 53 20 Led.
1388 644 4 19 i

791 674 106 25 Lagutsk.

788 717 166 28 Charpentier,
971 718 86 22 Gustaf
1073 718 89 24 Robert
1178 718 88 27 Alfred,

791 757 14 19 f.
819 758 61 23 1839,
892 754 15 25 I
921 758 61 20 1914.
1009 753 211 30 Öfverstelöjtnant.
1247 757 145 21 Ordförande

789 786 6 20 i
812 786 110 21 Finlands
939 787 65 20 Bank
1023 788 62 19 1884.
1119 788 94 20 Senator
1229 788 43 20 och
1289 788 53 19 chef
1358 788 35 19 för

790 816 238 26 finansexpeditionen
1052 817 150 20 1897-—1900.
1241 817 151 20 Innehafvare

789 846 24 20 af
828 846 115 20 Hahkiala
959 846 173 21 fideikommiss.

821 874 91 27 1877/78
930 876 5 20 i
952 876 157 26 ridderskapet
1127 877 41 19 och
1186 877 72 20 adeln.
1292 876 99 21 Elektor.

790 906 51 19 Led.
857 906 6 19 i
878 906 126 20 Bankutsk.
1020 906 42 20 och
1077 906 5 20 i
1097 906 63 20 först.
1190 906 55 26 Lag-
1261 907 42 19 och
1318 906 72 20 Ekon.

790 935 58 20 utsk.
860 935 76 21 Andre
947 936 73 25 suppl.
1033 936 35 20 för
1078 936 169 26 ridderskapets
1259 937 42 19 och
1313 937 77 19 adelns

789 964 201 26 bankfullmäktig.

821 995 54 19 1882
886 994 5 20 i
903 994 157 26 ridderskapet
1072 996 42 19 och
1126 996 73 19 adeln.
1220 996 97 20 Elektor.
1338 996 52 20 Led.

789 1024 6 20 i
806 1024 120 20 Statsutsk.

820 1054 53 20 1885
893 1054 6 20 i
916 1054 158 26 ridderskapet
1091 1055 43 19 och
1152 1055 73 19 adeln.

821 1083 54 20 1900
893 1084 6 19 i
916 1084 158 25 ridderskapet
1092 1084 42 20 och
1152 1084 73 20 adeln.

820 1111 90 27 1904/05
928 1113 6 20 i
951 1113 156 26 ridderskapet
1125 1114 43 19 och
1185 1114 72 20 adeln.

788 1142 64 20 Ordf.
870 1142 7 20 i
894 1143 125 20 Bankutsk.

785 1191 48 17 von
851 1185 171 28 Christierson,
1039 1187 57 21 Axel
1115 1187 98 22 Fredrik
1229 1187 78 27 Adolf,

788 1225 14 20 f.
820 1226 61 23 1838,
897 1223 14 24 T
929 1226 61 19 1891.
1021 1226 198 25 Kofferdikapten.
1250 1227 87 25 Kapten
1353 1227 36 19 vid

788 1255 121 20 lotsverket
924 1256 61 19 1888.

819 1283 91 26 1863/64
927 1285 5 20 i
949 1285 157 26 ridderskapet
1124 1286 42 19 och
1184 1285 72 20 adeln.

785 1333 47 18 von
851 1328 172 27 Christierson,
1041 1329 54 22 Carl
1113 1329 85 22 Gustaf
1213 1330 119 27 Wilhelm,

788 1367 14 20 f.
817 1369 61 19 1836.
891 1368 156 20 Possessionat
1059 1368 28 26 pä
1099 1368 102 21 Gerknäs
1213 1369 5 20 i
1231 1369 63 25 Lojo.
1307 1369 83 20 Landt-

786 1397 116 20 bruksräd
919 1398 62 20 1908.

818 1427 55 20 1872
892 1427 4 20 i
915 1427 157 26 ridderskapet
1090 1428 43 20 och
1151 1428 73 20 adeln.

818 1457 53 20 1891
884 1456 6 20 i
902 1457 157 26 ridderskapet
1071 1458 43 19 och
1124 1458 73 19 adeln.
1209 1458 77 25 Suppl.
1299 1458 6 20 i
1316 1458 73 20 Ekon.

787 1486 58 20 utsk.
863 1483 41 27 (till
921 1487 25 20 16
960 1483 57 29 apr.)

818 1516 55 20 1899
889 1515 5 20 i
910 1515 158 26 ridderskapet
1084 1517 43 19 och
1143 1517 72 20 adeln.

818 1543 91 27 1904/05
920 1545 6 20 i
938 1545 157 26 ridderskapet
1107 1547 42 19 och
1161 1546 73 20 adeln.
1253 1547 69 20 Led.i
1336 1547 53 25 Lag-

786 1575 43 19 och
845 1574 73 21 Ekon.
936 1575 58 20 utsk.

817 1602 92 27 1905/06
926 1604 7 20 i
948 1604 159 26 ridderskapet
1124 1605 43 20 och
1183 1605 72 20 adeln.

783 1653 48 17 von
849 1648 172 27 Christierson,
1037 1648 94 22 Edvard
1148 1649 143 27 Waldemar,

785 1686 15 20 f.
815 1687 62 23 1845,
891 1684 80 25 11915.
1000 1687 185 21 Senatskanslist.
1213 1688 176 21 Tullförvaltare

785 1716 4 19 i
801 1716 81 20 Lovisa
896 1717 61 20 1889.
969 1716 148 26 Emigrerade
1127 1717 33 21 till
1171 1717 141 21 Kalifornien
1327 1718 61 20 1903.

1231 554 78 26 Suppl.
1320 555 6 20 i
1338 555 55 24 Lag-

1291 1114 98 20 Elektor.
