1500 1867
655 82 154 23 Personregister.

1333 83 34 18 351

104 154 126 23 (Schauman,
242 154 57 18 Josef
310 154 93 24 August,)

138 206 55 20 1888
215 206 7 20 i
244 205 157 27 ridderskapet
423 206 44 20 och
489 206 66 20 adeln
582 203 44 27 (för
649 207 61 19 ätten

107 242 45 14 von
170 232 116 27 Schantz).
320 236 52 20 Led.
392 236 5 20 i
415 236 78 20 Järnv.
512 236 60 20 utsk.
607 236 78 26 Suppl
704 235 6 20 i

106 265 106 26 Värnepl.
226 265 59 21 utsk.

139 296 53 20 1891
216 295 6 20 i
243 295 157 26 ridderskapet
423 296 44 20 och
489 296 67 20 adeln
582 293 44 27 (för
649 296 62 20 ätten

107 322 178 28 Rosenbröijer).
315 325 53 21 Led.
382 325 7 20 i
403 325 121 21 Statsutsk.
542 322 36 28 (fr.
594 326 24 20 17
634 322 76 28 febr.).

138 355 55 20 1894
216 354 6 20 i
245 354 156 27 ridderskapet
424 355 43 21 och
489 356 66 20 adeln
583 352 44 27 (för
649 356 61 20 ätten

107 382 178 28 Rosenbröijer).
317 384 99 21 Elektor.

105 445 142 28 Schauman,
264 446 77 22 Julius
358 446 95 28 Ossian,

108 485 15 20 f.
136 486 61 20 1862.
224 485 120 21 Medicine-
356 486 42 20 och
410 486 100 26 kirurgie
521 486 89 24 doktor,
622 487 88 20 docent.

108 515 25 20 E.
149 522 20 13 o.
184 515 115 26 professor
316 516 61 20 1908.

140 546 55 20 1899
210 544 7 21 i
231 545 157 27 ridderskapet
403 546 44 20 och
462 546 74 20 adeln.

106 606 142 28 Schauman,
265 607 53 23 Karl
336 607 73 22 Frans
424 607 88 27 Johan,

108 646 15 20 f.
146 646 62 24 1839,
231 643 14 26 4
269 647 62 20 1883.
368 646 211 22 Historie-filosofie
601 647 111 21 kandidat

110 676 62 24 1863,
187 676 99 20 filosofie
300 676 107 26 magister
423 677 62 20 1864.
516 676 143 22 Sekreterare
674 676 38 21 vid

108 706 125 20 statistiska
253 706 73 26 byrän
348 707 61 20 1876.
445 706 195 26 Kollegiassessor.

140 734 91 27 1863/64
249 736 88 20 notarie
355 736 7 20 i
380 736 168 26 prästeständet
568 734 36 26 (fr.
623 738 12 19 5
654 736 57 21 febr.

110 762 74 28 1864).

140 796 55 20 1872
210 795 6 20 i
230 795 158 27 ridderskapet
401 796 43 20 och
459 796 74 20 adeln.

109 826 13 19 6
136 822 69 28 juni).
237 825 53 21 Led.
308 826 6 20 i
331 825 63 21 först.
412 826 121 20 Statsutsk.

140 853 92 27 1877/78
246 855 6 20 i
267 855 157 26 ridderskapet
437 856 43 20 och
495 856 75 20 adeln.

141 885 54 20 1882
206 884 8 20 i
224 884 157 27 ridderskapet
392 886 43 20 och
446 886 74 20 adeln.
540 886 78 26 Suppl.
630 886 5 20 i
648 886 63 20 Stän-

109 914 145 21 derhusutsk.

564 796 93 20 Elektor
676 794 35 26 (fr.

106 976 97 27 Schildt,
221 976 55 23 Carl
292 977 107 27 Hjalmar
415 978 97 26 Fabian,

110 1016 14 20 f.
138 1016 62 20 1849.
226 1016 138 20 Handlande
374 1016 6 20 i
391 1016 151 26 Helsingfors.

109 1045 41 21 räd
166 1046 62 20 1907.

141 1074 91 27 1877/78
249 1077 6 21 i
272 1076 157 26 ridderskapet
445 1076 43 20 och
505 1077 67 20 adeln
591 1074 43 26 (för
652 1077 61 19 ätten

110 1103 193 28 Wadenstjerna).

141 1136 54 20 1882
209 1135 6 21 i
228 1135 157 27 ridderskapet
398 1136 43 20 och
453 1136 69 20 adeln
537 1133 44 27 (för
594 1137 60 19 ätten
668 1142 44 14 von

110 1162 145 28 Heideman).
288 1165 78 26 Suppl.
383 1166 7 20 i
407 1166 127 20 Bankutsk.

141 1195 55 20 1885
210 1195 6 20 i
228 1195 158 26 ridderskapet
398 1196 43 20 och
454 1196 66 20 adeln
538 1193 43 27 (för
594 1196 62 20 ätten
668 1202 44 14 von

110 1222 90 27 Sticht).
233 1225 77 26 Suppl.
328 1225 7 20 i
351 1225 126 21 Bankutsk.
499 1225 35 23 (fr.
552 1226 12 20 5
580 1223 69 27 mars)
670 1225 42 21 och

110 1254 7 20 i
131 1254 67 20 Allm.
212 1254 64 21 Besv.
291 1255 60 20 utsk.
370 1252 35 27 (fr.
422 1256 26 19 16
463 1252 67 29 apr.).
560 1256 53 20 Led.
617 1248 14 37 i
649 1255 63 21 först.

110 1284 120 20 Statsutsk.
260 1284 76 21 Andre
350 1285 73 26 suppl.
437 1285 36 20 för
487 1285 169 25 ridderskapets
670 1285 42 20 och

110 1314 78 20 adelns
204 1314 201 26 bankfullmäktig.

142 1350 54 20 1888
212 1350 8 20 i
235 1350 158 26 ridderskapet
409 1350 43 20 och
469 1350 73 21 adeln.
575 1350 78 26 Suppl.
670 1350 42 21 och

114 1376 35 27 (fr.
167 1380 24 20 11
207 1377 55 28 maj)
280 1380 42 20 led.
338 1381 7 20 i
360 1380 67 20 Allm.
443 1380 64 20 Besv.
522 1380 60 20 utsk.
613 1380 77 26 Suppl.
707 1380 5 20 i

110 1409 78 20 Järnv.
206 1409 60 21 utsk.
301 1410 53 20 Led.
373 1410 7 20 i
399 1410 63 20 först.
483 1410 120 20 Statsutsk.
638 1410 75 20 Andre

110 1439 74 25 suppi.
202 1438 36 21 för
254 1439 169 26 ridderskapets
441 1440 44 20 och
502 1440 79 20 adelns
597 1440 115 20 bankfull-

111 1468 93 26 mäktig.

142 1505 53 20 1891
209 1504 7 20 i
227 1504 158 27 ridderskapet
396 1505 43 20 och
451 1505 74 20 adeln.
552 1505 52 20 Led.
617 1505 7 20 i
635 1505 77 20 Järnv.

111 1534 59 20 utsk.
204 1534 78 26 Suppl.
304 1534 2 20 i
324 1534 55 26 Lag-
398 1534 42 21 och
460 1534 73 20 Ekon.
552 1535 59 20 utsk.
632 1532 34 26 (fr.
686 1535 27 19 25

110 1561 67 28 apr.).
218 1564 76 20 Andre
318 1564 73 26 suppl.
416 1564 36 20 för
477 1564 169 26 ridderskapets
671 1564 42 20 och

111 1594 77 20 adelns
204 1594 201 25 bankfullmäktig.

143 1630 54 20 1894
211 1629 6 20 i
229 1629 158 26 ridderskapet
399 1630 44 19 och
456 1630 66 19 adeln
539 1626 43 27 (för
596 1630 61 19 ätten
669 1635 44 13 von

112 1656 89 27 Sticht).
237 1659 100 20 Elektor.
372 1659 53 20 Led.
445 1659 6 20 i
473 1659 52 20 Bev.
544 1659 59 20 utsk.
639 1659 75 19 Andre

111 1688 73 26 suppl.
204 1688 35 20 för
256 1688 168 27 ridderskapets
443 1689 42 19 och
504 1689 77 19 adelns
599 1688 114 20 bankfull-

111 1718 93 25 mäktig.

570 1017 142 20 Kommerse-

743 154 90 23 (Schildt,
846 154 46 18 Carl
906 154 89 23 Hjalmar
1008 154 91 23 Fabian,)

777 206 53 20 1897
843 206 5 20 i
859 206 160 25 ridderskapet
1029 206 42 20 och
1083 206 72 20 adeln.
1175 206 101 20 Elektor.
1296 206 52 20 Led.

745 235 7 20 i
766 236 55 25 Lag-
837 235 43 21 och
895 235 73 21 Ekon.
983 236 60 20 utsk.
1073 235 77 21 Andre
1164 236 75 26 suppl.
1254 236 36 20 för
1304 236 44 20 rid-

745 265 132 26 derskapets
892 266 43 19 och
951 266 78 20 adelns
1045 265 202 26 bankfullmäktig.

777 296 55 20 1899
844 295 6 20 i
863 295 158 26 ridderskapet
1034 296 43 20 och
1089 296 66 20 adeln
1172 292 45 27 (för
1230 296 61 20 ätten
1304 301 44 14 von

746 322 89 27 Sticht).
869 325 99 20 Elektor.
1001 325 78 26 Suppl.
1098 325 6 20 i
1123 325 121 21 Statsutsk.

777 355 55 20 1900
844 354 7 20 i
864 354 158 26 ridderskapet
1035 355 42 20 och
1090 355 65 20 adeln
1173 352 44 27 (för
1230 356 63 20 ätten
1304 361 45 14 von

746 381 89 28 Sticht).
866 384 100 21 Elektor.
997 385 53 20 Led.
1068 385 5 19 i
1089 384 77 21 Järnv.
1182 385 60 20 utsk.
1274 385 76 20 Andre

745 414 73 26 suppl.
836 414 36 20 för
889 414 171 26 ridderskapets
1076 415 43 19 och
1136 415 81 20 adelns
1233 414 116 21 bankfull-

746 444 92 26 mäktig.

776 472 92 27 1904/05
884 474 8 20 i
907 474 157 26 ridderskapet
1081 474 43 20 och
1141 474 66 20 adeln
1229 471 44 27 (för
1288 475 61 19 ätten

746 510 43 14 von
804 500 90 28 Sticht).
924 504 101 20 Elektor.

777 531 91 27 1905/06
885 533 6 20 i
908 533 159 27 ridderskapet
1082 534 43 20 och
1140 534 67 20 adeln
1228 531 44 26 (för
1288 534 61 20 ätten

746 570 44 14 von
810 560 90 27 Sticht).
936 563 79 27 Suppl.
1036 564 6 20 i
1063 564 121 20 Statsutsk.
1209 560 35 27 (fr.
1267 564 9 20 1
1299 568 50 20 aug.

748 590 73 27 1906).

744 649 97 27 Schildt,
857 649 54 22 Jalo
928 649 75 23 Aatos
1019 649 62 22 Viini
1098 649 120 27 Wilhelm,

746 688 14 20 f.
780 689 61 19 1864.
874 688 135 26 Godsägare.

777 718 55 20 1900
847 718 6 20 i
868 718 159 26 ridderskapet
1041 719 43 20 och
1099 718 68 20 adeln
1184 715 41 27 (till
1242 719 27 19 22
1284 714 66 29 maj).

777 746 91 27 1905/06
885 748 6 20 i
908 748 158 26 ridderskapet
1082 748 42 20 och
1142 748 65 20 adeln
1228 745 44 27 (för
1289 748 61 20 ätten

746 784 44 14 von
805 778 106 20 Schrowe
925 778 27 20 fr.
968 779 13 19 8
995 778 56 20 febr.
1065 778 34 20 till
1115 779 25 19 18
1155 784 47 20 apr.
1219 774 74 28 1906).

744 828 98 26 Schildt,
859 828 52 22 Lilli
927 828 119 27 Wilhelm,

746 868 15 19 f.
778 868 62 20 1860.
870 867 134 21 Affärsman
1019 867 7 21 i
1042 867 149 26 Helsingfors.

777 898 55 20 1900
848 897 6 20 i
870 897 158 26 ridderskapet
1044 898 43 20 och
1103 897 66 21 adeln
1188 894 36 27 (fr.
1240 898 27 19 25
1284 893 66 29 maj).

744 942 98 27 Schildt,
859 942 75 22 Osma
950 942 89 26 Alfred,

746 981 15 20 f.
779 982 61 20 1861.
871 981 85 20 Kassör
971 981 37 20 vid
1023 980 143 26 Helsingfors
1179 980 171 21 tullkammare.

778 1012 54 19 1897
846 1011 6 20 i
866 1011 158 25 ridderskapet
1037 1011 42 20 och
1092 1011 66 20 adeln
1175 1007 44 27 (för
1232 1011 62 19 ätten
1306 1015 43 15 von

747 1038 89 27 Sticht).

778 1071 55 20 1900
847 1070 7 20 i
867 1070 157 26 ridderskapet
1039 1071 42 19 och
1096 1070 65 20 adeln
1179 1067 45 27 (för
1237 1070 61 20 ätten
1314 1069 36 20 Se-

746 1098 125 28 gersträle).
903 1100 78 26 Suppl
998 1100 6 20 i
1020 1100 51 20 Bev.
1087 1100 59 20 utsk.

778 1128 92 27 1905/06
886 1130 6 20 i
908 1130 158 26 ridderskapet
1083 1130 43 20 och
1142 1130 67 20 adeln
1229 1126 44 27 (för
1289 1129 62 19 ätten

747 1166 44 14 von
806 1157 116 27 Numers).
954 1160 77 26 Suppl
1046 1160 6 20 i
1067 1160 52 20 Bev.
1133 1160 60 20 utsk.

745 1204 99 27 Schildt,
861 1204 107 22 Wolmar
983 1204 72 27 Onni,

747 1243 15 20 f.
777 1244 61 24 1851,
850 1241 15 25 T
880 1244 61 20 1913.
969 1243 128 25 Godsägare
1109 1243 28 25 pä
1150 1242 82 21 Hovila
1244 1242 6 20 i
1262 1242 88 26 Sysmä.

747 1273 197 21 Landtbruksräd.
981 1273 96 20 Senator
1097 1273 43 20 och
1160 1272 53 20 chef
1235 1272 35 20 för
1290 1272 60 25 jord-

746 1302 232 26 bruksexpeditionen
994 1303 151 20 1905—1909.

779 1334 54 19 1882
845 1332 6 20 i
863 1332 158 26 ridderskapet
1032 1333 43 19 och
1086 1332 72 21 adeln.

748 1363 42 19 och
804 1363 74 19 Ekon.
894 1362 58 20 utsk.

1187 1332 77 26 Suppl.
1277 1331 6 20 i
1295 1332 56 24 Lag-

778 1393 56 20 1885
846 1392 6 20 i
865 1392 157 26 ridderskapet
1035 1392 42 20 och
1091 1392 72 20 adeln.
1191 1391 73 21 Led.i
1277 1390 73 21 Ekon.

747 1422 59 20 utsk.

779 1451 75 21 1894.i
865 1452 159 25 ridderskapet
1035 1452 42 20 och
1091 1451 72 20 adeln.
1192 1450 53 21 Led.
1258 1450 7 20 i
1277 1450 73 20 Ekon.

747 1482 60 19 utsk.

779 1512 54 20 1897
857 1511 6 20 i
886 1510 157 26 ridderskapet
1066 1511 42 20 och
1131 1510 67 20 adeln
1223 1507 45 26 (för
1290 1510 61 19 ätten

748 1540 176 26 Wadenstjerna
938 1540 27 20 fr.
981 1541 27 19 23
1021 1546 61 14 mars
1096 1540 33 20 till
1146 1541 8 19 1
1171 1546 55 19 apr.,
1240 1539 36 20 för
1290 1539 61 20 ätten

748 1570 120 20 Tandefelt
882 1570 27 20 fr.
928 1571 9 19 1
953 1567 67 29 apr.).

779 1600 55 20 1899
850 1601 6 20 i
872 1600 157 25 ridderskapet
1045 1600 43 20 och
1103 1600 74 20 adeln.

780 1627 91 27 1904/05
891 1630 5 19 i
916 1629 157 25 ridderskapet
1092 1630 42 19 och
1154 1628 72 20 adeln.
1262 1626 64 21 Ordf.
1346 1626 5 20 i

748 1659 55 25 Lag-
818 1659 43 20 och
874 1659 73 20 Ekon.
963 1659 59 20 utsk.
1035 1659 65 20 2:dra
1115 1658 45 21 afd.
1188 1658 76 20 Andre
1277 1656 67 26 supp!

749 1688 35 20 för
799 1688 169 26 ridderskapets
984 1688 43 20 och
1043 1688 78 20 adelns
1136 1687 157 21 bankrevisor.

780 1716 92 27 1905/06
888 1718 6 20 i
911 1718 158 25 ridderskapet
1085 1718 43 20 och
1144 1718 74 20 adeln.
