1495 1870
147 103 35 18 336

721 101 153 22 Personregister.

170 175 101 24 (Pipping,
285 175 83 18 Fredrik
381 175 71 23 Josef,)

204 225 92 28 1863/64
313 227 6 20 i
336 226 157 26 ridderskapet
510 226 43 20 och
570 225 67 21 adeln
656 222 44 27 (för
716 225 62 20 ätten

173 263 44 14 von
229 254 116 27 Numers).
373 256 99 21 Elektor.
500 256 53 20 Led.
565 255 6 20 i
582 255 56 26 Lag-
649 255 42 20 och
704 255 73 20 Ekon.

148 286 1 4 |
172 287 70 24 utsk.;
260 286 7 21 i
282 287 67 20 Allm.
366 286 64 21 Besv.
447 286 69 23 utsk.;
535 285 6 20 i
558 285 58 20 Just.
633 285 60 20 utsk.
711 285 43 20 och
771 283 7 20 i

173 316 70 21 Ensk.
261 317 64 20 Besv.
343 316 59 21 utsk.

204 347 54 20 1867
273 346 6 20 i
291 346 158 25 ridderskapet
462 346 43 20 och
518 345 67 20 adeln
602 342 44 27 (för
659 345 61 20 ätten
733 350 44 14 von

172 373 124 29 Böningh).
329 375 181 26 Elektorssuppl.
544 375 52 20 Led.
616 375 6 20 i
640 374 136 26 Kyrkolags-

172 406 69 24 utsk.;
260 406 7 20 i
286 406 67 20 Allm.
372 406 64 20 Besv.
456 405 60 20 utsk.
536 405 42 20 och
598 405 6 20 i
623 404 71 21 Ensk.
713 404 63 20 Besv.

172 435 59 21 utsk.
252 433 36 27 (fr.
306 437 27 19 26
350 433 80 27 mars).
462 435 80 26 Suppl.
559 435 6 20 i
583 434 57 26 Exp.
657 434 60 21 utsk.

204 466 54 20 1872
272 465 6 20 i
291 465 157 25 ridderskapet
461 465 43 20 och
517 465 67 20 adeln
601 461 43 27 (för
658 465 62 19 ätten
732 469 44 14 von

172 492 124 28 Böningh).
324 495 99 20 Elektor.
444 494 82 21 Ordf.
516 488 13 37 i
540 494 137 26 Sjölagutsk.
698 493 78 26 Suppl.

171 524 7 21 i
197 525 120 20 Statsutsk.
336 525 43 20 och
397 525 7 20 i
421 524 63 21 först.
504 524 121 21 Statsutsk.

203 553 92 27 1877/78
312 555 6 20 i
334 554 158 26 ridderskapet
508 554 42 20 och
568 554 66 20 adeln
654 550 44 27 (för
715 554 60 19 ätten

171 591 44 13 von
232 582 124 28 Böningh).
388 584 99 21 Elektor.
520 584 65 20 Ordf.
603 584 6 20 i
626 583 73 21 Ekon.
716 582 59 21 utsk.

171 614 53 20 Led.
239 614 7 20 i
260 614 68 21 Stats-
342 614 44 20 och
401 614 73 20 Ekon.
488 614 60 20 utsk.

203 645 54 19 1882
271 644 6 20 i
291 644 157 26 ridderskapet
461 644 42 20 och
517 644 66 20 adeln
600 640 44 28 (för
658 643 44 21 adl.
714 644 60 19 ätten

171 671 102 28 Linder).

168 736 110 28 Pipping,
295 736 79 22 Johan
391 736 97 27 Fridolf,

170 781 15 21 f.
202 782 62 24 1820,
278 779 14 25 t
309 782 61 20 1906.
400 781 308 21 Referendariesekreterare.
730 780 44 20 All-

169 812 55 19 män
241 811 295 21 referendariesekreterare
552 811 7 21 i
576 812 94 19 senaten
690 810 85 21 1867—

171 842 62 20 1881.

201 875 92 27 1863/64
310 877 7 20 i
333 877 158 26 ridderskapet
508 877 43 20 och
566 877 74 20 adeln.
674 876 100 20 Elektor.

169 906 54 21 Led.
242 906 7 21 i
267 907 127 20 Bankutsk.
413 907 43 20 och
474 906 8 21 i
499 906 58 21 Just.
575 907 60 20 utsk.
670 906 78 26 Suppl.
768 904 6 21 i

169 936 108 25 Lagutsk.
294 934 36 27 (fr.
346 937 26 20 19
385 937 47 20 dec.
447 934 73 27 1863).
542 935 176 26 Ridderskapets
731 935 43 20 och

169 966 78 20 adelns
266 966 202 26 bankfullmäktig.

200 1002 55 20 1867
268 1001 6 20 i
285 1001 158 26 ridderskapet
455 1002 42 20 och
509 1002 73 20 adeln.
602 1001 53 20 Led.
667 1001 5 20 i
685 1001 88 20 Grund-

169 1031 106 26 lagutsk.;
290 1031 6 20 i
311 1031 66 20 Allm.
392 1031 64 20 Besv.
470 1031 59 20 utsk.
546 1029 41 26 (till
602 1032 28 19 26
644 1028 69 27 mars)
730 1030 43 21 och

168 1061 7 20 i
193 1061 72 20 Ensk.
284 1061 64 20 Besv.
368 1061 59 20 utsk.
448 1058 41 27 (till
508 1062 28 19 26
554 1058 81 27 mars).
669 1061 79 25 Suppl.
767 1059 7 20 i

168 1090 57 21 Just.
244 1091 61 20 utsk.

200 1121 55 20 1872
267 1120 7 21 i
285 1120 158 26 ridderskapet
453 1121 42 20 och
507 1121 73 20 adeln.
600 1120 100 21 Elektor.
719 1120 53 20 Led.

168 1149 6 20 i
187 1149 58 21 Just.
259 1151 60 20 utsk.
349 1151 78 25 Suppl
442 1150 6 21 i
463 1150 63 21 först.
541 1150 121 21 Statsutsk.
691 1149 82 26 Tredje

167 1180 75 25 suppl.
260 1179 35 21 för
313 1180 169 26 ridderskapets
500 1181 42 20 och
560 1181 79 20 adelns
656 1179 116 20 bankfull-

168 1209 93 26 mäktig.

199 1237 92 28 1877/78
309 1239 7 20 i
334 1239 158 26 ridderskapet
509 1240 43 20 och
571 1240 73 20 adeln.
679 1239 93 20 Elektor

170 1265 36 28 (fr.
227 1269 26 20 19
271 1270 47 19 dec.
339 1267 74 27 1877).
447 1269 78 26 Suppl.
544 1269 8 20 i
569 1269 108 26 Lagutsk.
699 1266 41 27 (till
760 1269 12 20 6

167 1298 56 21 febr.
243 1296 64 27 1877)
328 1299 43 20 och
389 1299 6 20 i
413 1299 191 20 Riddarhusutsk.
626 1296 36 27 (fr.
680 1300 27 19 29
725 1297 47 26 maj

167 1328 33 20 till
213 1329 9 19 1
236 1328 46 21 okt.
297 1326 74 27 1877).
398 1329 53 20 Led.i
482 1329 63 20 först.
558 1329 118 25 Lagutsk.;
688 1330 6 20 i
707 1329 64 20 först.

167 1357 73 21 Ekon.
260 1358 70 23 utsk.;
349 1358 6 20 i
374 1359 63 20 först.
458 1359 130 23 Statsutsk.;
608 1359 7 20 i
634 1359 64 20 först.
718 1359 53 19 Bev.

165 1387 60 20 utsk.
241 1388 42 20 och
297 1388 7 19 i
318 1388 63 20 först.
396 1388 55 25 Lag-
466 1389 42 19 och
522 1388 73 20 Ekon.
610 1388 60 20 utsk.
692 1388 78 25 Suppl.

166 1416 7 21 i
193 1416 64 21 först.
278 1417 121 21 Statsutsk.
436 1418 79 20 Förste
535 1418 74 26 suppl.
629 1418 36 20 för
686 1418 85 20 ridder-

166 1446 92 26 skapets
273 1447 43 20 och
332 1448 79 20 adelns
425 1447 202 26 bankfullmäktig.

197 1483 55 19 1882
268 1482 6 20 i
288 1482 158 26 ridderskapet
462 1483 42 20 och
518 1483 74 20 adeln.
623 1483 53 21 Led.
683 1478 12 34 i
712 1483 58 20 Just.

165 1512 60 20 utsk.
245 1509 43 27 (till
305 1513 10 19 1
332 1510 69 28 juni).

197 1542 55 20 1885
266 1543 7 20 i
287 1542 158 26 ridderskapet
459 1543 43 19 och
517 1543 73 19 adeln.
620 1542 93 20 Elektor
727 1542 43 20 och

140 1587 2 9 |
165 1571 42 20 led.
224 1571 7 20 i
247 1571 128 21 Bankutsk.
396 1569 41 27 (till
454 1573 27 19 26
497 1570 65 26 febr.)

197 1602 53 20 1891
270 1600 7 21 i
293 1601 159 26 ridderskapet
469 1602 43 20 och
530 1602 73 20 adeln.

163 1644 108 29 Pipping,
289 1645 64 23 Knut
369 1646 79 28 Hugo,

165 1683 14 21 f.
197 1684 62 20 1864.
289 1684 95 20 Docent.
414 1684 118 21 Professor
548 1685 62 20 1908.

195 1714 54 20 1897
261 1714 7 20 i
279 1714 159 26 ridderskapet
449 1714 43 21 och
503 1714 73 21 adeln.
595 1714 78 26 Suppl.
685 1714 6 21 i
702 1714 67 20 Allm.

163 1743 47 21 Pet.
225 1744 61 20 utsk.
305 1740 37 28 (fr.
371 1744 12 20 2
399 1741 69 28 mars)
487 1744 44 21 och
545 1744 8 20 i
568 1744 63 21 först.
647 1744 122 20 Statsutsk.

810 221 107 29 Pipping,
935 222 63 23 Knut
1013 221 122 28 Theodor,

813 267 15 20 f.
845 268 62 23 1826,
922 265 15 25 T
954 268 62 20 1885.
1046 266 105 27 Ingeniör
1166 267 24 20 af
1204 267 71 20 första
1289 267 98 20 klassen.

844 304 53 19 1872
911 303 6 20 i
931 303 157 26 ridderskapet
1100 303 44 20 och
1158 303 68 20 adeln
1241 300 44 27 (för
1298 303 44 20 adl.
1354 303 60 20 ätten
1431 311 2 2 :

812 330 201 29 Standertskjöld).
1036 333 100 20 Elektor.

812 362 6 20 i
838 362 54 26 Lag-
912 363 43 20 och
975 363 73 20 Ekon.
1068 363 70 24 utsk.;
1159 363 6 20 i
1183 363 68 20 Allm.
1272 363 63 20 Besv.
1355 362 59 21 utsk.

815 389 35 27 (fr.
872 393 5 19 7
894 399 61 14 mars
970 392 34 21 till
1018 393 28 20 25
1061 389 68 30 apr.);
1145 393 7 20 i
1166 392 64 21 först.
1247 393 119 20 Statsutsk.
1383 394 31 19 tre

812 422 82 26 gånger
911 423 44 20 och
971 423 6 19 i
994 422 64 21 först.
1076 423 52 20 Bev.
1145 422 60 21 utsk.

810 490 109 28 Pipping,
936 490 119 27 Wilhelm,

811 535 15 21 f.
846 536 61 20 1854.

811 565 121 26 professor.

842 602 54 20 1894
914 601 7 20 i
938 601 158 26 ridderskapet
1113 602 44 20 och
1174 602 74 20 adeln.

842 632 55 20 1899
914 631 6 20 i
938 631 158 26 ridderskapet
1113 632 43 20 och
1173 632 74 20 adeln.

941 535 113 21 Medicine
1071 536 42 20 och
1131 535 101 26 kirurgie
1250 536 88 24 doktor,
1358 542 17 14 e.
1394 542 19 13 o.

1167 332 53 21 Led.
1235 333 7 20 i
1257 333 73 20 Ekon.
1346 332 68 23 utsk.;
1431 348 1 3 ;

842 659 91 27 1904/05
949 661 6 20 i
973 661 158 26 ridderskapet
1147 662 43 20 och
1207 662 73 20 adeln.
1313 661 99 20 Elektor.

811 691 52 20 Led.
880 690 7 21 i
901 690 68 21 Allm.
985 691 47 21 Pet.
1048 691 59 21 utsk.

842 718 91 28 1905/06
949 720 7 21 i
973 720 157 27 ridderskapet
1147 721 43 20 och
1207 721 73 21 adeln.
1313 720 99 21 Elektor.

808 794 181 28 Pippingsköld,
1006 795 79 27 Artur,

810 840 14 20 f.
843 840 61 20 1865.
936 840 190 21 Justitierädman
1140 840 7 20 i
1161 840 148 26 Björneborg.

841 874 91 27 1905/06
951 876 6 20 i
976 876 158 26 ridderskapet
1153 876 43 20 och
1215 876 73 20 adeln.

807 949 180 29 Pippingsköld,
1004 950 67 23 Josef
1086 951 76 21 Adam
1179 950 104 27 Joakim,

809 995 15 20 f.
838 996 61 23 1825,
911 993 15 25 1
939 996 62 20 1892.
1029 995 111 20 Medicine
1151 995 88 24 doktor,
1251 996 88 20 docent.
1367 995 44 20 Me-
1428 994 1 24 '

808 1025 74 20 dicine
897 1025 116 26 professor
1030 1025 62 21 1870.
1125 1025 108 21 Statsråd.

839 1059 92 27 1863/64
953 1061 6 20 i
981 1061 158 26 ridderskapet
1160 1061 43 20 och
1225 1061 73 20 adeln.
1329 1061 53 20 Led.
1406 1061 4 19 i

808 1090 70 21 Ensk.
893 1091 64 20 Besv.
973 1090 60 21 utsk.

840 1127 54 20 1872
909 1126 7 20 i
930 1126 158 26 ridderskapet
1101 1127 43 20 och
1159 1126 73 21 adeln.

808 1156 25 19 31
853 1153 66 28 maj).

807 1185 7 20 i
826 1185 64 21 först.
903 1185 121 21 Statsutsk.
1036 1186 43 20 och
1092 1187 6 20 i
1110 1186 63 20 först.
1187 1186 51 20 Bev.
1252 1186 60 21 utsk.
1332 1186 78 26 Suppl.

807 1215 6 20 i
829 1215 52 20 Bev.
898 1215 59 20 utsk.
977 1212 37 27 (fr.
1034 1216 9 19 1
1060 1213 69 28 juni).

839 1249 91 28 1877/78
948 1251 6 20 i
973 1251 158 26 ridderskapet
1149 1251 43 21 och
1210 1251 74 20 adeln.
1317 1251 93 20 Elektor

810 1277 36 28 (fr.
867 1281 23 20 11
910 1281 46 25 maj
977 1278 74 27 1877).
1085 1281 53 20 Led.
1157 1281 6 20 i
1181 1281 67 20 Allm.
1268 1281 63 20 Besv.
1350 1281 60 20 utsk.

807 1311 43 19 och
865 1310 38 21 tvä
918 1310 84 26 gänger
1018 1311 6 20 i
1040 1311 63 20 först.
1119 1311 121 20 Statsutsk.
1272 1311 78 26 Suppl.
1367 1311 43 20 och

810 1337 35 27 (fr.
867 1341 6 19 2
889 1347 60 14 mars
967 1338 64 27 1877)
1048 1341 42 20 led.
1105 1341 8 20 i
1126 1341 79 20 Järnv.
1220 1340 59 21 utsk.

839 1377 54 20 1882
904 1375 6 21 i
921 1375 159 27 ridderskapet
1090 1376 43 20 och
1144 1376 74 20 adeln.
1237 1375 100 22 Elektor.
1356 1376 53 21 Led.

806 1405 6 20 i
828 1406 105 25 Värnepi.
950 1405 69 24 utsk.;
1034 1405 7 21 i
1056 1405 77 21 Järnv.
1149 1405 60 21 utsk.
1228 1402 43 27 (till
1287 1406 25 20 18
1328 1403 56 28 apr.)
1403 1404 6 20 i

806 1435 66 21 Allm.
886 1435 64 20 Besv.
963 1435 60 21 utsk.
1036 1436 43 20 och
1092 1435 6 20 i
1111 1435 64 21 först.
1189 1435 120 20 Statsutsk.
1331 1435 78 26 Suppl.

806 1464 6 20 i
831 1465 63 20 först.
913 1465 51 20 Bev.
983 1464 60 21 utsk.
1076 1464 177 26 Ridderskapets
1271 1465 42 20 och
1331 1465 78 20 adelns

806 1495 73 25 suppl.
901 1494 7 20 i
928 1494 307 26 Ständerhusdelegationen.

806 1526 48 24 pets
878 1524 43 20 och
943 1524 80 20 adelns
1044 1524 98 20 medlem
1165 1524 7 20 i
1194 1524 156 26 delegationen
1374 1524 35 20 för

805 1554 144 26 uppresande
965 1554 24 20 af
1002 1560 28 14 en
1045 1554 141 20 minnesstod
1201 1553 24 21 ät
1239 1554 127 20 Alexander
1381 1554 27 20 II.

838 1590 54 20 1885
903 1589 7 20 i
920 1589 159 26 ridderskapet
1089 1590 43 20 och
1143 1589 74 21 adeln.
1236 1589 100 21 Elektor.
1356 1589 52 21 Led.
1425 1593 1 10 |

805 1619 6 20 i
826 1619 77 21 Järnv.
918 1619 59 20 utsk.
1006 1619 177 26 Ridderskapets
1198 1619 43 20 och
1255 1619 78 20 adelns
1347 1619 61 20 med-

805 1649 45 20 lem
865 1649 6 20 i
887 1648 158 26 delegationen
1059 1648 35 21 för
1109 1649 144 26 uppresande
1269 1648 24 20 af
1307 1654 28 14 en
1351 1649 57 19 min-

804 1679 92 20 nesstod
914 1678 22 20 ät
953 1678 128 21 Alexander
1097 1678 27 20 II.

836 1715 55 19 1888
909 1714 7 21 i
933 1714 157 26 ridderskapet
1108 1714 43 20 och
1169 1714 73 21 adeln.

836 1744 53 20 1891
907 1743 7 21 i
931 1743 159 27 ridderskapet
1107 1744 43 20 och
1168 1744 73 20 adeln.

1273 1494 136 20 Ridderska-
1426 1510 1 5 !

1263 1126 93 21 Elektor
1375 1123 35 28 (fr.
1427 1128 1 25 |

953 1155 53 22 Led.
1026 1156 7 21 i
1051 1156 201 24 Riddarhusutsk.;
1272 1156 38 20 tvä
1328 1156 83 26 gänger
1427 1156 1 4 |
