1500 1870
139 84 35 19 350

704 86 156 22 Personregister.

164 156 126 23 (Schauman,
303 157 74 19 Berndt
390 157 64 23 Otto,)

197 210 55 19 1872
266 208 6 21 i
284 209 159 26 ridderskapet
455 210 43 20 och
512 210 65 20 adeln
594 206 44 27 (för
651 210 62 20 ätten
725 216 45 14 von

167 236 107 28 Wright).
305 238 93 21 Elektor
415 236 36 27 (fr.
467 240 12 20 8
491 237 69 28 juni).
591 240 77 25 Suppl.
685 240 6 20 i
706 239 63 20 först.

166 268 120 21 Statsutsk.

197 296 92 27 1877/78
305 298 6 20 i
328 298 159 27 ridderskapet
503 300 43 19 och
563 300 66 20 adeln
650 296 43 27 (för
709 300 60 20 ätten

167 334 45 14 von
222 326 109 28 Wright).
358 329 53 20 Led.
423 329 5 19 i
441 328 109 21 Riddarh.
562 329 59 20 utsk.
633 330 43 20 och
678 322 13 37 i
706 329 63 21 först.

167 357 121 21 Statsutsk.

198 388 54 20 1882
268 388 167 26 ridderskapets
451 389 43 20 och
509 389 78 20 adelns
602 389 73 26 suppl.
691 389 7 20 i
712 389 58 20 dele-

166 417 106 25 gationen
290 418 35 20 för
342 418 145 26 uppresande
504 419 24 19 af
544 425 27 14 en
590 418 140 22 minnesstod
748 418 22 20 ät

167 447 127 21 Alexander
308 448 28 20 II.

199 477 54 20 1885
267 477 6 20 i
286 477 157 26 ridderskapet
456 479 43 19 och
513 479 65 20 adeln
596 475 43 27 (för
652 479 60 20 ätten
726 485 43 13 von

168 503 116 27 Schantz).

198 537 55 20 1888
271 537 7 20 i
295 537 157 26 ridderskapet
469 538 43 20 och
531 539 73 20 adeln.

198 567 53 19 1891
271 568 7 20 i
295 567 156 26 ridderskapet
469 568 43 20 och
530 569 73 20 adeln.

199 596 54 20 1894
266 596 5 20 i
284 596 156 26 ridderskapet
453 598 42 19 och
508 598 64 20 adeln
589 595 43 24 (för
644 598 53 20 frih.
710 599 60 19 ätten

168 624 102 22 Walleen
286 626 26 20 fr.
329 627 10 19 7
357 624 64 28 maj).

165 680 143 28 Schauman,
325 682 72 22 Einar
412 683 97 27 Ossian,

168 720 14 20 f.
200 721 62 20 1874.
293 722 241 26 Vicehäradshöfding.
566 724 204 20 Protokollssekre-

167 752 73 19 terare
256 751 6 20 i
280 754 107 18 senatens
401 752 244 26 justitiedepartement
664 754 62 20 1912.

199 779 91 27 1904/05
304 781 6 20 i
323 781 157 27 ridderskapet
494 783 42 19 och
550 784 66 19 adeln
634 780 35 27 (fr.
684 784 27 20 24
724 784 46 25 jan.

170 808 73 26 1905).

199 839 92 27 1905/06
310 841 6 20 i
335 841 158 27 ridderskapet
512 843 43 20 och
574 843 73 20 adeln.

152 901 157 34 Schauman,
326 903 73 23 Frans
417 904 97 28 Ludvig,

168 941 15 20 f.
205 942 62 24 1810,
288 939 14 25 t
324 943 61 20 1877.
421 943 106 26 Teologie
545 944 122 25 professor,
687 945 84 26 kyrko-

168 971 70 20 herde
248 971 8 21 i
267 971 55 27 Ingå
333 973 224 26 prebendepastorat.
584 974 85 26 Biskop
680 975 6 19 i
698 974 73 26 Borgå

168 1001 48 20 stift
232 1002 62 20 1865.

200 1029 92 27 1863/64
303 1033 52 20 vald
365 1033 24 19 af
398 1029 49 24 Åbo
457 1033 59 20 stifts
528 1033 152 26 prästerskap.
692 1034 78 26 Suppl.

168 1060 6 20 i
193 1061 175 21 Talmanskonf.
402 1063 53 20 Led.
475 1063 6 20 i
500 1063 108 26 Lagutsk.
627 1064 43 20 och
688 1064 7 20 i
714 1064 57 20 Just.

169 1090 59 20 utsk.
256 1091 64 20 Ordf.
333 1092 7 20 i
352 1092 69 20 Ensk.
434 1093 64 19 Besv.
511 1093 58 20 utsk.
597 1093 78 26 Suppl.
688 1093 6 20 i
705 1093 66 20 Allm.

168 1120 64 20 Besv.
249 1120 59 21 utsk.

200 1150 54 20 1867
270 1150 6 20 i
291 1151 173 25 prästeståndet.
495 1152 53 21 Led.
565 1152 5 20 i
587 1152 184 24 Talmanskonf.;

168 1179 6 20 i
189 1179 189 27 Grundlagsutsk.
393 1182 43 20 och
450 1181 7 21 i
470 1182 188 26 Kyrkolagsutsk.

200 1210 54 20 1872
273 1212 6 20 i
296 1211 173 25 prästeståndet.
502 1212 53 20 Led.
573 1212 6 20 i
597 1212 174 20 Talmanskonf.

169 1238 181 28 Elektorssuppl.
377 1240 65 21 Ordf.
456 1241 5 20 i
474 1242 70 20 Ensk.
557 1242 63 20 Besv.
632 1242 59 20 utsk.
718 1242 53 20 Led.

169 1268 6 20 i
194 1268 108 26 Lagutsk.
322 1271 42 19 och
383 1270 38 21 två
439 1271 85 25 gånger
542 1271 6 20 i
568 1271 63 21 först.
651 1272 120 20 Statsutsk.

169 1298 78 26 Suppl.
264 1299 6 20 i
287 1299 63 21 först.
367 1300 52 20 Bev.
435 1301 60 20 utsk.

166 1359 144 29 Schauman,
327 1361 98 22 Fredrik
442 1362 142 28 Waldemar,

169 1398 15 21 f.
206 1400 62 23 1844,
288 1397 14 25 t
325 1401 61 19 1911.
421 1401 87 20 Finska
527 1401 125 21 militärens
672 1402 100 20 föredra-

169 1429 73 24 gande
259 1429 36 20 för
313 1429 190 26 krigsministern,
522 1431 172 26 generalmajor.
729 1431 43 20 Gu-

169 1459 83 20 vernör
272 1459 6 20 i
299 1459 58 20 Vasa
377 1460 45 24 län,
444 1461 196 25 generallöjtnant.
678 1461 94 20 Senator

171 1489 151 20 1898—1900.
351 1489 156 22 Geheimeräd.

200 1519 56 19 1888
278 1518 5 20 i
307 1518 157 27 ridderskapet
487 1521 42 19 och
553 1521 65 20 adeln
645 1517 43 27 (för
711 1521 61 20 ätten

169 1547 115 21 Hästesko
300 1548 24 20 af
340 1547 135 28 Mälagärd).

201 1578 53 20 1891
278 1579 6 20 i
307 1578 158 27 ridderskapet
488 1580 42 19 och
553 1580 65 20 adeln
645 1577 43 26 (för
711 1581 61 19 ätten

170 1607 112 20 Hästesko
300 1608 24 19 af
340 1606 135 28 Mälagärd).

200 1637 56 20 1894
281 1637 173 27 iridderskapet
479 1639 43 19 och
547 1639 66 20 adeln

169 1666 113 20 Hästesko
300 1667 24 20 af
340 1665 135 28 Mälagärd).

200 1696 55 20 1897
279 1696 5 20 i
307 1696 157 27 ridderskapet
487 1698 42 20 och
553 1698 65 20 adeln
645 1695 44 27 (för
711 1699 61 19 ätten

170 1725 112 21 Hästesko
300 1726 24 20 af
340 1724 135 28 Mälagärd).

642 1636 44 26 (för
712 1640 59 19 ätten

802 157 127 24 (Schauman,
943 157 85 19 Fredrik
1041 156 130 24 Waldemar,)

835 209 55 21 1900
908 209 6 20 i
932 209 159 25 ridderskapet
1108 209 42 20 och
1168 210 73 20 adeln.

835 237 92 27 1905/06
944 239 7 20 i
967 238 157 26 ridderskapet
1140 239 43 20 och
1200 240 66 20 adeln
1286 236 44 27 (för
1347 240 59 19 ätten

805 265 163 29 Gripenwald).

803 324 143 27 Schauman,
964 324 82 28 Georg
1063 324 55 22 Carl
1134 324 100 28 August,

805 364 15 20 f.
834 364 62 20 1870.
916 363 110 21 Filosofie
1038 363 113 26 magister,
1164 364 82 20 doktor
1260 365 61 19 1911.
1341 364 66 20 Ama-
1423 357 2 35 |

805 400 71 14 nuens
892 393 37 21 vid
947 393 285 25 universitetsbiblioteket,
1251 393 157 21 bibliotekarie
1423 403 1 5 |

807 424 61 20 1914.

836 454 54 19 1894
909 453 138 20 sekreterare
1065 453 7 20 i
1090 453 66 20 Allm.
1176 453 64 20 Besv.
1257 454 59 19 utsk.

837 483 54 20 1897
914 483 6 19 i
942 482 159 26 ridderskapet
1123 483 43 20 och
1189 483 73 20 adeln.

805 512 66 20 Allm.
887 512 46 21 Pet.
950 513 59 20 utsk.
1029 510 36 26 (fr.
1082 513 25 20 21
1124 510 66 28 apr.).

836 543 55 20 1899
914 542 6 20 i
943 542 158 26 ridderskapet
1123 543 43 20 och
1189 543 66 20 adeln
1281 540 43 27 (för
1347 542 78 25 ätten
1414 536 15 36 |

1041 560 95 37 verde

928 589 3 3 .
948 574 65 15 von
1024 567 19 29 G
1121 575 40 14 n

836 602 55 20 1900
915 602 6 20 i
944 602 158 26 ridderskapet
1124 602 43 20 och
1190 602 67 20 adeln
1281 599 44 27 (för
1347 603 60 19 ätten

806 629 178 28 Rosenbröijer).
1016 632 77 26 Suppl.
1109 632 42 20 och
1167 632 139 20 sekreterare
1320 633 6 21 i
1341 632 67 20 Allm.

808 661 60 20 Besv.
885 661 59 21 utsk.

837 689 91 27 1904/05
946 691 6 20 i
970 691 158 26 ridderskapet
1145 692 43 20 och
1206 692 65 20 adeln
1293 688 43 28 (för
1354 696 54 21 egen

806 722 31 19 ätt
861 721 32 20 till
918 722 27 19 24
968 721 46 26 jan.
1041 722 62 23 1905,
1128 722 70 20 sedan
1221 721 36 21 för
1280 722 61 20 ätten
1366 722 42 20 Ro-

806 748 143 28 senbröijer).
988 751 78 26 Suppl.
1089 752 42 20 och
1153 751 139 21 sekreterare
1314 752 6 20 i
1341 752 67 20 Allm.

806 781 46 20 Pet.
862 781 60 20 utsk.
940 781 79 26 Suppl.
1030 781 6 21 i
1047 781 57 26 Exp.
1115 781 60 20 utsk.
1189 778 36 28 (fr.
1238 782 25 20 15
1274 788 47 19 apr.
1334 778 74 28 1905).

837 809 91 27 1905/06
945 810 8 21 i
968 811 159 26 ridderskapet
1142 811 43 20 och
1201 812 66 20 adeln
1288 808 43 27 (för
1347 812 60 19 ätten

806 840 160 26 Rosenbröijer
985 840 27 21 fr.
1032 842 26 19 27
1077 842 47 19 dec.
1146 838 73 27 1905).
1254 841 52 21 Led.
1326 841 6 20 i
1351 841 57 20 Just.

806 870 59 20 utsk.

804 914 142 27 Schauman,
963 914 68 23 Josef
1046 916 99 26 August,

807 953 13 20 f.
840 954 62 23 1826,
926 951 7 25 $
952 955 62 19 1896.
1045 953 109 21 Filosofie
1170 953 113 26 magister,
1300 954 108 25 tidnings-

806 983 106 20 redaktör
928 984 43 20 och
988 983 174 26 tryckeriägare.

838 1011 90 28 1863/64
945 1013 7 20 i
968 1013 160 26 ridderskapet
1143 1013 43 20 och
1203 1013 66 21 adeln
1289 1011 43 26 (för
1348 1015 61 19 ätten
1425 1030 2 2 |

806 1040 101 27 Tavast).
942 1043 100 20 Elektor.

807 1073 5 20 i
828 1073 56 20 Just.
901 1073 59 20 utsk.

838 1103 54 19 1867
915 1102 5 20 i
944 1102 158 26 ridderskapet
1124 1103 43 20 och
1190 1103 65 20 adeln
1282 1100 44 26 (för
1348 1104 61 19 ätten

806 1129 102 27 Tavast).
934 1132 101 20 Elektor.
1061 1133 53 20 Led.
1126 1132 86 21 iStats-
1222 1133 43 20 och
1276 1133 52 20 Bev.
1340 1133 68 23 utsk.;

807 1162 5 19 i
826 1162 66 20 Allm.
906 1162 63 20 Besv.
984 1162 59 20 utsk.
1057 1162 43 21 och
1113 1162 6 20 i
1133 1162 70 20 Ensk.
1217 1162 63 20 Besv.
1295 1162 58 21 utsk.

838 1192 54 20 1872
915 1192 6 20 i
944 1192 159 26 ridderskapet
1125 1192 43 20 och
1191 1192 66 20 adeln
1282 1189 44 27 (för
1348 1193 61 19 ätten

807 1219 171 28 Adlerstjerna).
993 1222 100 20 Elektor.
1108 1222 53 20 Led.
1176 1222 5 20 i
1196 1222 120 20 Statsutsk.
1331 1222 78 26 Suppl.

807 1251 5 20 i
824 1251 68 21 Stats-
904 1252 43 20 och
957 1252 74 20 Ekon.
1043 1252 60 20 utsk.
1130 1252 52 20 Led.
1195 1252 6 20 i
1213 1252 63 20 först.
1286 1252 52 20 Bev.
1349 1252 59 20 utsk.

838 1280 91 26 1877/78
946 1281 6 20 i
968 1281 159 26 ridderskapet
1143 1282 43 20 och
1203 1282 67 20 adeln
1289 1278 45 27 (för
1348 1282 62 20 ätten

806 1308 102 27 Tavast).
938 1311 101 20 Elektor.
1069 1312 54 20 Led.
1138 1311 6 20 i
1158 1311 120 21 Statsutsk.
1310 1311 99 26 Suppl.
1394 1304 19 37 i

807 1341 68 19 Stats-
896 1341 42 19 och
960 1340 73 21 Ekon.
1054 1341 69 23 utsk.;
1144 1341 6 20 i
1171 1341 211 23 Ständerhusutsk.;
1404 1340 5 20 i

807 1370 66 20 Allm.
887 1370 62 20 Besv.
963 1370 68 24 utsk.;
1044 1371 6 20 i
1063 1371 57 20 Just.
1133 1370 59 20 utsk.
1206 1371 42 20 och
1255 1366 9 35 i
1261 1370 80 21 först.
1353 1371 56 25 Lag-

807 1400 59 20 utsk.
895 1400 52 20 Led.
953 1396 12 34 i
982 1400 63 20 först.
1060 1401 53 19 Bev.
1126 1400 60 20 utsk.
1200 1401 43 19 och
1257 1400 6 20 i
1276 1400 64 21 först.
1354 1401 55 25 Lag-

807 1430 42 19 och
871 1429 73 20 Ekon.
968 1430 60 20 utsk.
1066 1429 177 26 Ridderskapets
1267 1430 42 20 och
1332 1431 78 20 adelns

807 1460 96 19 medlem
920 1459 6 20 i
944 1459 306 26 Ständerhusdelegationen.

839 1490 53 19 1882
916 1489 6 20 i
944 1489 158 26 ridderskapet
1124 1489 44 21 och
1190 1489 66 20 adeln
1283 1487 43 26 (för
1349 1490 61 20 ätten

807 1516 101 27 Tavast).
935 1519 100 20 Elektor.
1061 1519 53 20 Led.
1126 1519 5 20 i
1144 1519 120 20 Statsutsk.
1276 1519 42 20 och
1329 1519 5 20 i
1346 1519 63 21 Stän-

806 1549 146 20 derhusutsk.
984 1549 79 26 Suppl.
1080 1549 6 20 i
1103 1549 106 25 Värnepl.
1226 1549 59 20 utsk.
1317 1549 92 20 Ridder-

807 1579 90 26 skapets
915 1579 43 20 och
975 1579 78 20 adelns
1071 1579 98 20 medlem
1186 1579 6 19 i
1210 1579 199 20 Ständerhusdele-

807 1609 113 24 gationen.

839 1639 54 19 1885
917 1638 6 20 i
945 1638 158 26 ridderskapet
1125 1638 43 20 och
1191 1638 67 20 adeln
1283 1634 44 27 (för
1349 1638 60 20 ätten

807 1665 101 27 Tavast).
940 1668 100 20 Elektor.
1073 1668 52 20 Led.
1142 1667 6 20 i
1166 1667 120 20 Statsutsk.
1317 1667 93 21 Ridder-

807 1698 91 25 skapets
916 1698 41 19 och
976 1698 77 19 adelns
1072 1697 97 20 medlem
1188 1698 5 20 i
1210 1697 199 20 Ständerhusdele-

807 1727 113 25 gationen.

1077 1043 53 20 Led.
1150 1043 7 20 i
1176 1043 120 20 Statsutsk.
1331 1043 77 26 Suppl.

1300 483 78 26 Suppl.
1401 482 6 20 i
1424 501 1 4 |
