1492 1867
616 79 155 23 Personregister.

1306 69 36 23 258

51 101 60 28 —-—-
121 101 230 28 ——————
399 101 9 28 .
425 101 76 28 !'r-—
511 101 2 28 ?
514 101 3 28 Q
518 101 11 28 ZT
541 101 13 28 222
570 101 5 28 -
583 101 46 28 -
55 110 1285 13 ——0nn".0nnnnn"N1
1044 101 106 28 11.11
1154 101 97 28 "TPÄ95."
1306 101 15 28 "
1334 101 10 28 m1

59 706 1 10 |
83 682 184 26 dustristyrelsen
293 683 61 20 1885.

80 142 3 11 |

78 201 133 27 Frosterus,
228 201 79 22 Johan
324 200 101 23 Charles
442 200 84 28 Emile,

81 240 15 21 f.
112 241 62 24 1830,
188 238 14 25 T
218 240 62 21 1900.
309 240 80 20 Förste
401 240 282 26 expeditionssekreterare

81 270 38 21 vid
137 270 27 20 H.
184 270 43 20 M:s
246 270 76 21 kansli
341 270 36 20 för
395 270 105 20 Finland.
535 269 73 21 Adlad
628 270 55 20 1875

81 300 31 20 af
131 300 186 20 Frosterus.
352 300 95 20 Senator
469 300 62 20 1882.
566 298 118 22 President

81 330 7 20 i
104 330 59 20 Vasa
179 330 93 20 hofrätt.

113 363 91 28 1863/64
222 364 87 22 notarie
327 365 6 20 i
351 364 167 27 prästeständet
539 362 36 27 (fr.
594 365 25 20 15
637 364 46 26 jan.

84 392 73 27 1864).

114 429 92 27 1877/78
225 430 4 20 i
249 430 158 26 ridderskapet
426 431 43 20 och
488 430 73 21 adeln.

114 461 54 20 1882
186 460 7 21 i
210 460 158 26 ridderskapet
385 460 44 21 och
445 460 74 21 adeln.

115 491 54 20 1885
187 490 6 21 i
210 490 159 26 ridderskapet
385 491 44 20 och
446 490 73 21 adeln.

115 521 55 20 1888
187 520 6 20 i
211 520 157 26 ridderskapri
385 521 43 19 och
447 520 72 20 adeln.

81 583 147 28 Furuhjelm,
244 583 57 27 Elis,

84 622 15 21 f.
115 623 62 24 1850,
191 619 15 26 f
221 622 62 21 1910.
312 621 109 22 Filosofie
434 621 107 26 magister
556 622 61 20 1873.
647 621 38 20 Ju-

83 651 150 27 risutriusgue
248 651 112 21 kandidat
377 653 62 19 1877.
472 651 143 21 Sekreterare
631 651 6 20 i
653 651 33 20 in-

386 682 271 20 Protokollssekreterare
681 681 6 20 i

84 713 92 20 senaten
195 712 143 21 1890—1903
356 712 42 20 och
417 712 151 21 1905—1907.

115 746 92 27 1877/78
223 748 6 20 i
246 747 157 26 ridderskapet
420 748 43 20 och
480 747 65 21 adeln
565 744 44 27 (för
626 748 61 19 ätten

85 775 94 27 Brand).

117 814 54 20 1882
185 813 7 21 i
205 813 158 26 ridderskapet
377 814 42 20 och
434 813 65 21 adeln
517 810 44 27 (för
574 814 60 19 ätten
649 812 38 21 Ol-

86 840 111 29 lonberg).
228 843 78 26 Suppl
322 843 7 20 i
344 843 52 21 Bev.
412 843 60 21 utsk.

117 879 54 20 1885
195 879 7 20 i
225 879 158 26 ridderskapet
407 879 42 20 och
474 879 65 20 adeln
560 875 44 28 (för
627 879 62 20 ätten

86 906 193 28 Munsterhjelm).
292 909 143 20 Sekreterare
446 909 6 20 i
465 908 126 21 Bankutsk.
609 908 79 26 Suppl.

86 939 5 20 i
104 938 52 21 Bev.
169 939 59 20 utsk.
242 939 44 20 och
300 940 32 19 tre
345 938 84 26 gånger
443 939 5 20 i
462 938 63 21 först.
541 938 120 21 Statsutsk.

118 975 54 20 1888
183 974 7 20 i
200 974 158 26 ridderskapet
369 975 42 20 och
423 974 73 21 adeln.
516 974 100 20 Elektor.
635 973 54 21 Sek-

85 1006 97 19 reterare
193 1005 42 20 och
246 1005 42 20 led.
300 1004 5 21 i
316 1004 127 21 Bankutsk.
454 1004 78 26 Suppl.
543 1004 6 20 i
560 1004 58 20 Just.
629 1003 60 21 utsk.

118 1041 53 20 1891
183 1040 6 20 i
200 1040 157 25 ridderskaret
369 1041 42 20 och
423 1040 73 21 adeln.
516 1040 99 20 Elektor.
635 1040 53 20 Led.

87 1069 6 20 i
112 1069 51 21 Bev.
182 1069 59 21 utsk.
277 1070 77 25 Suppl.
374 1070 6 20 i
399 1070 57 20 Just.
475 1069 60 21 utsk.

118 1106 54 20 1894
184 1105 7 20 i
201 1105 158 26 ridderskapet
369 1106 43 20 och
424 1105 73 20 adeln.
516 1105 100 20 Elektor.
636 1105 53 20 Led.

87 1135 5 20 i
104 1135 56 26 Exp.
173 1135 59 20 utsk.
260 1135 144 20 Sekreterare
415 1135 44 21 och
473 1132 36 27 (fr.
523 1136 25 19 31
562 1132 69 27 mars)
647 1135 42 20 led.

87 1165 5 20 i
111 1165 56 25 Lag-
188 1165 43 20 och
250 1165 73 20 Ekon.
344 1165 59 20 utsk.
440 1165 77 26 Suppl.
537 1165 6 20 i
563 1164 126 21 Bankutsk.

86 1195 53 20 Led.
156 1195 6 20 i
179 1195 63 20 först.
258 1195 107 25 Lagutsk.

119 1231 54 20 1897
185 1230 6 21 i
202 1230 158 26 ridderskapet
371 1231 43 20 och
425 1231 74 20 adeln.
517 1231 100 20 Elektor.
636 1231 54 20 Led.

88 1260 5 20 i
104 1260 55 25 Lag-
172 1261 42 19 och
226 1260 74 20 Ekon.
311 1260 70 24 utsk.;
394 1261 6 20 i
411 1260 58 25 Exp.
481 1259 60 22 utsk.
553 1261 43 20 och
597 1255 12 35 i
626 1261 64 20 först.

88 1289 120 21 Statsutsk.
236 1290 83 25 Tredje
329 1290 74 26 suppl.
416 1289 37 21 för
465 1289 171 26 ridderskapets
648 1290 42 20 och

87 1319 77 21 adelns
181 1319 156 21 bankrevisor.

119 1355 55 20 1899
187 1355 6 20 i
206 1355 158 26 ridderskapet
377 1356 43 19 och
433 1355 66 20 adeln
517 1352 44 27 (för
573 1355 43 20 adl.
630 1355 62 20 ätten

88 1381 138 28 Tan&efelt).
257 1385 100 21 Elektor.
388 1385 53 21 Led.
457 1385 6 21 i
478 1385 109 21 Riddarh.
603 1384 60 22 utsk.

119 1420 55 20 1900
186 1420 6 20 i
203 1420 158 26 ridderskapet
372 1421 43 19 och
425 1421 74 20 adeln.
519 1420 100 21 Elektor.
638 1420 53 21 Led.

88 1450 6 20 i
107 1449 55 26 Lag-
176 1450 43 20 och
232 1450 73 20 Ekon.
318 1450 59 20 utsk.
393 1450 42 20 och
452 1447 35 27 (fr.
502 1451 27 19 25
541 1447 57 29 maj)
615 1450 6 20 i
635 1450 56 26 Exp.

88 1479 59 20 utsk.

120 1512 92 27 1905/06
228 1514 6 21 i
250 1515 158 25 ridderskapet
425 1515 43 20 och
485 1515 66 20 adeln
571 1512 44 26 (för
631 1516 62 18 ätten

89 1543 145 26 Segercrantz
248 1544 27 20 fr.
291 1545 26 19 13
331 1550 61 15 mars
406 1544 32 20 till
455 1545 25 19 12
493 1544 41 26 juli
550 1545 62 23 1906,
626 1544 67 20 hvar-

90 1573 55 20 efter
163 1573 36 21 för
217 1579 54 20 egen
291 1571 50 27 ätt).

86 1629 146 27 Furuhjelm,
250 1630 48 22 Elis
316 1630 125 27 Campbell
458 1630 104 26 Nikolai,

89 1668 15 20 f.
120 1668 62 20 1862.
211 1668 101 21 Kanslist
325 1668 7 20 i
345 1664 48 25 Åbo
407 1668 96 23 hofrätt;
516 1674 100 15 assessor
631 1668 62 24 1907,

89 1697 183 26 häradshöfding
290 1698 7 20 i
315 1698 119 20 Tammela
453 1698 110 25 domsaga
584 1698 62 20 1908.

121 1727 55 21 1899
195 1724 36 27 (fr.
247 1728 28 20 25
289 1724 56 29 jan.)
365 1728 7 20 i
386 1727 159 27 ridderskapet
561 1727 43 21 och
621 1727 72 21 adeln.

715 152 131 24 (Furuhjelm,
859 151 40 18 Elis
912 150 103 23 Campbell
1029 149 96 23 Nikolai,)

750 201 91 28 1904/05
858 203 6 20 i
880 202 157 26 ridderskapet
1054 202 43 20 och
1114 201 74 20 adeln.
1220 198 79 27 Suppl.
1316 197 6 21 i

719 233 136 24 Bankutsk.;
872 232 8 21 i
896 231 177 26 Grundlagutsk.
1095 228 35 23 (fr.
1150 231 10 19 7
1179 230 57 20 febr.
1255 225 64 26 1905)

719 263 43 21 och
780 263 6 20 i
804 263 108 21 Riddarh.
932 262 58 20 utsk.

751 290 91 28 1905/06
854 292 6 20 i
872 292 157 25 ridderskapet
1041 291 42 20 och
1097 290 66 20 adeln
1180 286 40 27 (till
1234 289 27 20 28
1273 287 49 27 juni

721 320 74 27 1906).
828 322 78 26 Suppl.
924 322 5 20 i
947 321 107 25 Lagutsk.

717 379 146 28 Furuhjelm,
880 378 68 22 Enok
966 378 114 27 Hjalmar,

720 418 14 20 f.
754 419 62 23 1823,
834 415 14 25 t
868 418 62 20 1886.
963 417 164 25 Bergmästare,
1145 413 178 28 bergsingeniör.

720 448 120 21 Intendent
858 448 6 20 i
883 447 208 26 industristyrelsen
1110 446 62 21 1885.

752 479 54 20 1867
828 478 7 20 i
856 477 158 26 ridderskapet
1037 477 42 20 och
1103 476 67 20 adeln
1196 472 45 27 (för
1263 475 61 20 ätten

721 505 173 29 Adlerstjerna).

752 539 55 20 1872
822 538 6 20 i
844 537 158 26 ridderskapet
1016 537 43 20 och
1075 536 73 21 adeln.

753 565 91 28 1877/78
861 567 6 20 i
884 567 157 25 ridderskapet
1058 566 42 21 och
1117 565 74 21 adeln.

753 598 55 20 1882
833 597 6 20 i
863 596 157 26 ridderskapet
1044 596 44 20 och
1111 595 73 20 adeln.
1224 593 100 21 &Elektor.

722 627 78 26 Suppl.
817 627 5 20 i
838 627 73 20 Ekon.
927 626 59 21 utsk.
1018 625 77 26 Suppl.
1111 625 43 20 och
1172 621 36 27 (fr.
1223 624 26 20 21
1266 619 55 30 apr.)

722 657 43 20 led.
787 657 6 20 i
816 657 78 20 Järnv.
916 655 60 21 utsk.
1013 655 53 21 Led.
1089 655 6 20 i
1117 655 64 20 först.
1204 652 120 22 Statsutsk.

722 686 177 25 Ridderskapets
914 686 43 20 och
972 685 78 21 adelns
1064 685 73 25 suppl.
1153 684 6 21 i
1175 682 150 22 Ständerhus-

723 715 163 26 delegationen.

754 746 54 20 1885
833 745 7 20 i
864 745 158 26 ridderskapet
1046 744 43 21 och
1114 743 73 21 adeln.
1226 741 100 21 Elektor.

723 775 78 26 Suppl.
813 777 7 20 i
830 775 78 20 Järnv.
920 775 60 20 utsk.
1005 773 177 26 Ridderskapets
1194 773 43 20 och
1249 771 77 21 adelns

723 805 74 26 suppl.
812 805 6 20 i
834 803 306 26 Ständerhusdelegationen.

721 861 147 28 Furuhjelm,
886 861 88 22 Harald
991 861 85 22 Viktor
1091 859 119 27 Wilhelm,

724 901 15 20 f.
759 901 61 24 1810,
838 897 14 26 +
871 901 63 20 1872.
967 899 96 21 Senator
1079 899 6 20 i
1102 898 225 25 ekonomiedeparte-

725 932 92 19 mentet.
855 930 119 21 President
1000 930 3 21 i
1025 929 107 25 Wiborgs
1153 928 88 21 hofrätt
1265 927 62 23 1868,

724 961 91 20 senator
831 960 6 20 i
854 959 267 26 justitiedepartementet
1139 959 62 20 1869.

756 988 91 27 1863/64
864 989 6 20 i
886 989 159 26 ridderskapet
1060 989 43 20 och
1120 988 66 20 adeln
1206 984 45 27 (för
1267 987 61 19 ätten

724 1017 96 27 Brand).
851 1019 53 20 Led.
922 1019 6 20 i
944 1019 57 26 Exp.
1018 1018 58 21 utsk.

723 1076 147 27 Furuhjelm,
886 1076 79 22 Johan
978 1075 68 27 Emil,

726 1115 15 20 f.
756 1115 62 24 1834,
832 1112 14 25 t
862 1115 62 20 1901.
952 1114 85 21 Lektor
1049 1114 38 20 vid
1100 1113 68 21 Evois
1181 1111 148 22 forstinstitut

728 1145 61 20 1861.

757 1175 54 20 1867
838 1174 174 26 iridderskapet
1037 1173 43 21 och
1105 1173 65 20 adeln

726 1201 188 29 Benzelstjerna).

724 1248 146 27 Furuhjelm,
887 1248 77 22 Johan
981 1247 131 26 Wladimir,

727 1287 14 21 f.
760 1288 62 23 1873,
838 1285 14 24 T
870 1287 62 20 1904.
964 1286 134 26 Godsägare.

759 1318 55 19 1899
828 1317 6 20 i
849 1316 159 26 ridderskapet
1023 1317 43 19 och
1081 1315 67 21 adeln
1166 1312 42 27 (till
1223 1315 27 20 25
1265 1309 66 30 jan).

725 1367 146 28 Furuhjelm,
890 1367 62 23 Knut
968 1366 85 22 Gustaf
1070 1366 47 21 Elis
1134 1365 102 26 Edvard,

728 1406 15 21 f.
762 1407 62 20 1845.
857 1405 178 26 Generalmajor,
1052 1405 80 20 kassör
1148 1403 39 21 vid
1203 1403 15 21 f.
1235 1403 22 21 d.
1274 1401 57 22 mili-

727 1437 76 20 tärens
820 1436 67 20 enke-
904 1436 44 20 och
962 1435 149 26 pupillkassa.

760 1464 91 26 1904/05
869 1465 6 20 i
892 1464 157 26 ridderskapet
1066 1464 42 20 och
1124 1463 66 21 adeln
1210 1460 45 27 (för
1271 1462 62 20 ätten

729 1492 101 28 Tavast).

726 1539 148 27 Furuhjelm,
892 1539 61 22 Knut
970 1537 85 23 Gustaf
1070 1537 92 26 Viktor,

728 1578 15 20 f.
763 1578 62 20 1862.
858 1576 183 26 Jurisutriusgue
1056 1576 117 23 kandidat,
1190 1574 143 21 vicehärads-

729 1607 103 25 höfding.
864 1607 105 20 Assessor
984 1606 7 21 i
1007 1606 106 25 Wiborgs
1129 1605 94 24 hofrätt,
1240 1603 94 21 härads-

729 1636 98 26 höfding
846 1637 6 19 i
872 1636 123 25 Loimijoki
1016 1636 109 24 domsaga
1146 1634 62 21 1908.

761 1666 55 20 1894
839 1666 6 20 i
868 1665 157 26 ridderskapet
1048 1665 43 20 och
1114 1664 66 20 adeln
1206 1660 45 27 (för
1273 1663 61 19 ätten

729 1692 67 27 Örn).
830 1696 143 20 Sekreterare
990 1694 43 20 och
1052 1691 36 27 (fr.
1108 1694 24 20 13
1149 1691 69 26 mars)
1238 1691 75 27 suppl.
1329 1690 6 20 i

730 1725 108 26 Lagutsk.

1199 1169 44 27 (för
1269 1172 61 19 ätten
