1489 1867
629 81 159 23 Personregister.

1316 77 34 18 269

61 103 74 28 —
65 114 1284 10 rr

87 154 49 25 (von
150 154 116 22 Haartman,
278 153 46 19 Carl
337 153 79 23 August
428 152 96 24 Gabriel,)

122 206 54 20 1891
200 205 6 21 i
228 204 157 26 ridderskapet
408 204 43 21 och
474 204 72 21 adeln.

91 235 127 21 Bankutsk.

123 266 56 20 1899
189 265 7 21 i
207 264 158 26 ridderskapet
376 264 43 21 och
431 264 73 21 adeln.
532 264 79 26 Suppl
624 264 6 20 i
642 263 51 21 Rid-

91 295 147 21 darhusutsk.

123 323 91 27 1904/05
231 324 6 21 i
253 324 158 26 ridderskapet
427 324 43 20 och
487 324 73 20 adeln.

123 353 92 27 1905/06
232 354 6 21 i
254 354 157 26 ridderskapet
428 354 43 20 och
486 354 74 20 adeln.

586 204 78 26 Suppl.
687 203 7 21 i

89 416 48 18 von
154 411 137 27 Haartman,
309 410 55 24 Karl
381 410 92 27 Daniel,

92 450 15 20 f.
120 451 62 24 1792,
221 450 61 20 1877.
308 449 198 21 Generaldirektör
517 449 35 21 för
562 449 132 21 medicina!l-

92 481 77 20 verket
187 481 150 20 1836—1855.
369 479 108 22 Statsräd.

124 511 55 20 1867
197 510 6 21 i
221 510 157 26 ridderskapet
395 510 42 20 och
455 509 74 22 adeln.

89 566 48 17 von
154 561 138 26 Haartman,
310 560 55 23 Carl
382 560 56 22 Erik
454 560 132 27 Johannes,

92 600 15 21 f.
131 601 62 20 1869.
229 599 242 26 Vicehäradshöfding.
507 599 187 26 Politieborgmä-

93 631 59 20 stare
171 631 6 20 i
197 629 141 26 Helsingfors
359 630 62 20 1905.
455 629 180 21 Politierääman
655 630 40 20 där

95 660 62 21 1907.

124 690 54 20 1897
201 689 7 21 i
230 689 157 26 ridderskapet
410 689 42 21 och
476 689 66 21 adeln
568 686 44 27 (för
634 689 61 20 ätten

93 717 80 27 Fock).
205 719 78 26 Suppl.
300 719 6 20 i
322 719 108 26 Lagutsk.
450 716 36 27 (fr.
504 719 27 20 10
546 716 76 27 febr.).

125 750 55 20 1899
191 749 6 20 i
209 749 158 26 ridderskapet
378 749 43 21 och
432 749 66 20 adeln
514 746 44 27 (för
569 749 53 20 frih.
634 749 61 20 ätten

93 776 122 27 Walleen).

125 809 55 20 1900
191 809 7 20 i
209 809 157 26 ridderskapet
378 809 43 20 och
432 809 67 21 adeln
514 805 44 28 (för
570 809 53 20 frih.
635 809 60 20 ätten

93 836 122 27 Walleen).
244 839 78 26 Suppl.
336 839 6 20 i
356 839 107 26 Lagutsk.
481 836 41 27 (till
542 839 6 20 3
561 836 56 29 maj)
634 839 43 20 och
689 838 7 20 i

93 869 64 20 först.
173 869 53 20 Bev.
242 869 59 20 utsk.

125 897 91 27 1904/05
234 899 6 20 i
258 899 157 26 ridderskapet
433 899 42 20 och
492 899 67 20 adeln
581 895 45 28 (för
643 898 52 21 frih.

93 929 61 20 ätten
170 925 121 28 Walleen).

125 956 92 28 1905/06
233 958 6 21 i
257 958 157 27 ridderskapet
432 959 43 20 och
492 959 67 20 adeln
580 955 44 28 (för
642 963 54 21 egen

93 988 33 20 ätt
139 988 27 20 fr.
182 989 46 20 dec.
246 989 54 20 1905
315 988 34 21 till
364 988 56 21 febr.
437 989 63 23 1906,
515 988 36 21 för
566 988 54 21 frih.
636 989 60 20 ätten

94 1017 110 22 Sackleen
220 1018 27 21 fr.
266 1019 26 20 14
308 1018 57 21 febr.
384 1015 74 28 1906).

91 1067 48 18 von
156 1063 138 27 Haartman,
312 1063 88 22 Fridolf
417 1063 89 27 Rafael,

94 1101 15 20 f.
131 1102 62 24 1839,
214 1099 15 26 1
252 1102 61 21 1902.
349 1102 160 26 Stabskapten,
530 1101 105 27 adjutant
655 1102 41 20 hos

93 1132 241 25 generalguvernören.
365 1132 75 21 Sedan
454 1131 61 21 finsk
530 1132 167 21 tullförvaltare

94 1161 6 20 i
114 1161 30 21 St.
159 1161 142 26 Petersburg.
332 1161 108 22 Statsräd.

126 1192 53 19 1867
193 1191 6 20 i
213 1191 157 26 ridderskapet
383 1192 42 20 och
438 1192 67 20 adeln
522 1189 44 27 (för
578 1192 44 20 adl.
635 1192 62 20 ätten

94 1218 117 29 Ramsay).

125 1249 92 27 1877/78
233 1251 7 20 i
256 1251 158 26 ridderskapet
429 1251 43 21 och
488 1251 67 21 adeln
575 1248 45 28 (för
636 1252 61 20 ätten

95 1277 114 28 Gadolin).
238 1281 77 26 Suppl.
329 1281 6 20 i
348 1281 64 20 först.
425 1281 55 26 Lag-
494 1281 43 20 och
550 1281 74 20 Ekon.
637 1281 60 20 utsk.

125 1311 55 20 1882
203 1311 6 20 i
232 1311 157 26 ridderskapet
412 1311 42 20 och
476 1311 67 20 adeln
569 1308 45 27 (för
637 1311 60 20 ätten

95 1337 114 27 Gadolin).

126 1370 55 20 1894
204 1370 7 20 i
232 1370 158 27 ridderskapet
412 1371 42 20 och
477 1371 67 20 adeln
570 1367 45 28 (för
636 1371 61 20 ätten

94 1397 106 28 Pinello).

91 1449 48 17 von
156 1444 140 28 Haartman,
312 1444 83 29 Georg
410 1445 87 22 Viktor
512 1445 97 27 Berndt,

95 1477 14 20 f.
125 1478 62 20 1858.
218 1478 153 26 Baningeniör
388 1478 151 21 1890—1900.

125 1508 56 20 1899
202 1507 7 21 i
231 1507 158 27 ridderskapet
411 1508 42 20 och
477 1508 67 20 adeln
570 1505 44 27 (för
637 1508 61 20 ätten

94 1534 190 28 Stjernschantz).

125 1564 92 27 1904/05
234 1566 6 21 i
256 1566 157 27 ridderskapet
430 1568 43 20 och
490 1567 66 21 adeln
576 1564 44 27 (för
637 1568 61 20 ätten

95 1593 176 28 Schatelowitz).

91 1638 48 18 von
156 1634 139 25 Haartman,
312 1634 55 24 Karl
385 1635 73 22 Frans
476 1635 98 22 Fredrik
594 1635 69 27 Emil,

94 1666 15 20 f.
126 1667 63 20 1865.
219 1667 135 26 Godsägare.

125 1696 56 21 1900
203 1697 6 20 i
231 1697 159 26 ridderskapet
412 1698 42 20 och
478 1698 67 20 adeln
571 1694 44 27 (för
637 1698 61 20 ätten

94 1724 164 27 Gripenwald).

725 207 48 18 von
790 202 138 26 Haartman,
945 201 57 22 Lars
1019 201 66 27 Emil,
1347 208 2 7 |

729 242 15 20 f.
761 242 62 24 1833,
845 238 7 26 $
868 241 63 21 1906.
961 236 111 28 Öfverste,
1086 240 131 26 godsägare.

760 272 55 20 1882
829 271 6 20 i
849 270 158 26 ridderskapet
1021 270 42 20 och
1077 270 73 20 adeln.
1180 269 94 21 Elektor
1290 265 41 27 (till

731 302 25 20 14
774 298 75 27 febr.).

761 332 54 20 1885
827 330 6 21 i
843 330 159 26 ridderskapet
1013 330 42 20 och
1067 330 73 20 adeln.
1158 328 101 22 Elektor.
1279 328 52 20 Led.

729 361 7 20 i
749 361 108 21 Riddarh.
872 360 59 21 utsk.
947 360 43 21 och
1007 357 36 27 (fr.
1059 360 10 20 7
1085 357 55 28 maj)
1158 359 7 21 i
1179 359 78 21 Järnv.
1272 357 59 21 utsk.

761 392 55 20 1888
830 390 6 21 i
849 390 159 26 ridderskapet
1022 390 42 20 och
1079 390 72 20 adeln.
1181 388 93 22 Elektor
1291 385 41 27 (till

729 422 14 20 8
757 418 64 28 maj).
851 420 75 21 Led.i
940 420 109 21 Riddarh.
1063 420 59 20 utsk.
1141 416 42 27 (till
1198 420 12 20 8
1224 415 66 29 maj).

761 452 53 19 1891
839 452 6 20 i
867 450 159 26 ridderskapet
1047 450 43 20 och
1113 450 73 20 adeln.
1224 448 79 27 Suppl
1327 446 5 20 i

730 481 108 20 Riddarh.
852 481 60 20 utsk.
941 480 54 21 Led.
1009 480 7 21 i
1030 480 63 21 först.
1107 480 52 20 Bev.
1174 479 60 21 utsk.

761 511 55 20 1894
830 511 6 20 i
849 510 158 26 ridderskapet
1021 510 42 21 och
1077 510 73 21 adeln.
1180 508 73 22 Led.i
1267 508 65 21 Häst-

730 541 71 20 utskr.
816 541 59 20 utsk.

762 571 54 20 1897
828 570 5 21 i
845 570 158 26 ridderskapet
1013 570 43 21 och
1066 570 72 21 adeln.
1150 569 80 26 Suppl.
1241 568 7 21 i
1259 568 73 21 Ekon.

730 601 59 20 utsk.
808 597 41 28 (till
864 601 13 20 9
892 597 81 27 mars).

761 631 56 20 1899
834 630 6 21 i
858 630 157 26 ridderskapet
1033 630 43 21 och
1094 629 73 21 adeln.

762 660 55 21 1900
834 660 6 20 i
857 660 158 25 ridderskapet
1033 660 43 20 och
1093 659 73 21 adeln.

762 688 91 27 1904/05
872 689 6 21 i
898 690 158 25 ridderskapet
1075 690 43 20 och
1137 689 73 21 adeln.

762 718 91 27 1905/06
866 719 6 21 i
885 719 157 26 ridderskapet
1055 720 42 20 och
1109 719 67 21 adeln
1192 715 41 28 (till
1246 719 28 20 29
1286 718 46 20 dec.

733 747 73 27 1905).

728 805 48 18 von
793 800 138 27 Haartman,
943 800 86 22 Viktor
1040 799 82 29 Georg
1133 799 85 23 Gustaf
1229 798 105 27 Gabriel,

732 839 14 20 f.
762 839 62 25 1830,
838 837 14 25 T
868 840 62 20 1895.
958 839 80 20 Förste
1051 837 282 22 senatskammarförvant.

731 869 145 21 Ordförande
896 869 7 20 i
923 869 110 20 Finlands
1053 869 65 20 Bank
1140 869 63 20 1866.
1240 867 94 21 Senator

733 899 150 20 1870—1888.
915 898 156 21 Geheimeräd.

762 927 91 28 1863/64
869 929 7 20 i
893 929 158 25 ridderskapet
1067 929 42 20 och
1126 928 66 21 adeln
1213 925 44 27 (för
1274 928 60 19 ätten

731 956 162 28 Lilljebrunn).
922 959 53 20 Led.
990 959 6 20 i
1010 958 126 21 Bankutsk.
1165 958 79 26 Suppl
1258 957 7 20 i
1279 957 55 25 Lag-

731 989 43 20 och
792 989 72 20 Ekon.
883 989 59 20 utsk.
963 985 36 28 (fr.
1019 989 26 20 19
1060 988 45 26 jan.
1125 985 74 27 1864).
1232 986 103 27 Suppl.i

731 1019 202 20 Ständerhusutsk.
951 1019 43 20 och
1011 1018 7 21 i
1034 1017 191 22 Riddarhusutsk.
1256 1017 80 21 Förste

731 1049 74 26 suppl.
823 1049 36 20 för
876 1048 169 27 ridderskapets
1063 1049 42 20 och
1123 1049 78 20 adelns
1218 1046 117 21 bankfull-

732 1078 93 26 mäktig.

763 1109 54 20 1867
840 1109 6 21 i
869 1108 158 26 ridderskapet
1049 1109 43 20 och
1115 1108 66 21 adeln
1207 1104 45 28 (för
1274 1108 62 19 ätten

732 1135 162 29 Lilljebrunn).
924 1138 100 21 Elektor.
1055 1138 53 21 Led.
1123 1138 7 20 i
1146 1136 188 27 Grundlagsutsk.

735 1165 42 27 (till
792 1169 13 19 4
821 1165 66 27 febr.)
907 1169 43 20 och
966 1168 6 21 i
989 1167 126 22 Bankutsk.
1147 1167 79 26 Suppl.
1243 1167 7 20 i
1267 1167 68 20 Stats-

733 1198 42 20 och
789 1198 51 21 Bev.
853 1198 60 21 utsk.
930 1195 36 27 (fr.
981 1199 24 19 11
1019 1195 56 28 apr.)
1091 1198 42 20 och
1145 1197 6 21 i
1164 1198 58 20 Just.
1235 1196 61 21 utsk.

764 1229 54 19 1872
841 1227 6 21 i
870 1227 158 27 ridderskapet
1051 1228 42 20 och
1116 1227 66 21 adeln
1208 1224 44 27 (för
1275 1227 60 19 ätten

733 1255 133 27 Lavonius).

764 1286 92 29 1877/78
875 1289 6 20 i
900 1287 158 26 ridderskapet
1078 1287 42 21 och
1140 1287 67 21 adeln
1228 1283 45 28 (för
1292 1286 43 20 adl.

733 1318 60 20 ätten
807 1314 188 29 Langenskiöld).
1351 1332 2 5 |

765 1348 54 20 1882
831 1347 6 20 i
849 1347 158 26 ridderskapet
1018 1347 43 20 och
1073 1347 65 20 adeln
1153 1343 45 28 (för
1209 1346 53 21 frih.
1274 1346 61 20 ätten

733 1374 96 27 Mellin).

764 1408 55 20 1885
842 1407 6 20 i
871 1407 158 26 ridderskapet
1052 1407 43 21 och
1116 1407 65 21 adeln
1208 1403 45 27 (för
1276 1406 60 20 ätten

733 1434 106 27 Pinello).

765 1467 55 20 1888
841 1466 6 21 i
869 1466 158 26 ridderskapet
1049 1466 42 21 och
1113 1466 73 21 adeln.
1223 1465 113 21 Landt-

733 1496 176 21 marskalk.

765 1526 53 20 1891
841 1526 7 20 i
868 1526 159 26 ridderskapet
1048 1526 42 20 och
1113 1526 73 20 adeln.
1223 1525 113 21 Landt-

733 1556 176 20 marskalk.

765 1586 55 20 1894
832 1585 6 21 i
849 1585 158 26 ridderskapet
1019 1586 42 20 och
1073 1585 65 21 adeln
1154 1582 44 26 (för
1210 1584 53 21 frih.
1276 1584 60 20 ätten

734 1612 96 27 Mellin).
859 1615 53 21 Led.
927 1615 6 20 i
946 1615 174 20 Talmanskonf.
1149 1614 65 22 Ordf.
1229 1614 35 20 för
1277 1612 59 22 elek-

734 1646 89 19 torerne
841 1645 42 20 och
901 1644 6 21 i
926 1645 92 20 Sekreta
1036 1644 59 21 utsk.

732 1688 131 28 Hackman,
879 1688 82 22 Alfred
978 1688 109 28 Leopold
1103 1688 105 27 Fredrik,

734 1727 15 21 f.
765 1728 62 20 1864.
855 1727 110 21 Filosofie
975 1727 115 27 magister,
1103 1727 100 21 licentiat
1218 1726 63 22 1905.
1353 1735 2 10 i
