<?xml version="1.0" encoding="UTF-8"?>
<alto xmlns="http://www.loc.gov/standards/alto/ns-v3#" xmlns:xlink="http://www.w3.org/1999/xlink" xmlns:xsi="http://www.w3.org/2001/XMLSchema-instance" xsi:schemaLocation="http://www.loc.gov/standards/alto/ns-v3# http://www.loc.gov/alto/v3/alto-3-0.xsd">
	<Description>
		<MeasurementUnit>pixel</MeasurementUnit>
		<sourceImageInformation>
			<fileName>/tmp/tess_qzgb689x_input.PNG</fileName>
		</sourceImageInformation>
		<OCRProcessing ID="OCR_0">
			<ocrProcessingStep>
				<processingSoftware>
					<softwareName>tesseract 5.3.4</softwareName>
				</processingSoftware>
			</ocrProcessingStep>
		</OCRProcessing>
	</Description>
	<Layout>
		<Page WIDTH="1500" HEIGHT="1867" PHYSICAL_IMG_NR="0" ID="page_0">
			<PrintSpace HPOS="0" VPOS="0" WIDTH="1500" HEIGHT="1867">
				<ComposedBlock ID="cblock_0" HPOS="639" VPOS="83" WIDTH="155" HEIGHT="23">
					<TextBlock ID="block_0" HPOS="639" VPOS="83" WIDTH="155" HEIGHT="23">
						<TextLine ID="line_0" HPOS="639" VPOS="83" WIDTH="155" HEIGHT="23">
							<String ID="string_0" HPOS="639" VPOS="83" WIDTH="155" HEIGHT="23" WC="0.95" CONTENT="Personregister."/>
						</TextLine>
					</TextBlock>
				</ComposedBlock>
				<GraphicalElement ID="cblock_1" HPOS="73" VPOS="117" WIDTH="715" HEIGHT="6"></GraphicalElement >
				<GraphicalElement ID="cblock_2" HPOS="790" VPOS="120" WIDTH="572" HEIGHT="6"></GraphicalElement >
				<GraphicalElement ID="cblock_3" HPOS="75" VPOS="122" WIDTH="1287" HEIGHT="10"></GraphicalElement >
				<GraphicalElement ID="cblock_4" HPOS="76" VPOS="131" WIDTH="6" HEIGHT="1609"></GraphicalElement >
				<ComposedBlock ID="cblock_5" HPOS="98" VPOS="200" WIDTH="606" HEIGHT="155">
					<TextBlock ID="block_1" HPOS="98" VPOS="200" WIDTH="606" HEIGHT="96">
						<TextLine ID="line_1" HPOS="98" VPOS="200" WIDTH="312" HEIGHT="28">
							<String ID="string_1" HPOS="98" VPOS="200" WIDTH="117" HEIGHT="26" WC="0.91" CONTENT="Saxbäck,"/><SP WIDTH="18" VPOS="200" HPOS="215"/>
							<String ID="string_2" HPOS="233" VPOS="201" WIDTH="85" HEIGHT="23" WC="0.91" CONTENT="Gustaf"/><SP WIDTH="15" VPOS="201" HPOS="318"/>
							<String ID="string_3" HPOS="333" VPOS="202" WIDTH="77" HEIGHT="26" WC="0.93" CONTENT="Adolf,"/>
						</TextLine>
						<TextLine ID="line_2" HPOS="102" VPOS="238" WIDTH="602" HEIGHT="30">
							<String ID="string_4" HPOS="102" VPOS="240" WIDTH="14" HEIGHT="20" WC="0.91" CONTENT="f."/><SP WIDTH="22" VPOS="240" HPOS="116"/>
							<String ID="string_5" HPOS="138" VPOS="240" WIDTH="62" HEIGHT="24" WC="0.92" CONTENT="1805,"/><SP WIDTH="21" VPOS="240" HPOS="200"/>
							<String ID="string_6" HPOS="221" VPOS="238" WIDTH="14" HEIGHT="25" WC="0.27" CONTENT="t"/><SP WIDTH="22" VPOS="238" HPOS="235"/>
							<String ID="string_7" HPOS="257" VPOS="241" WIDTH="62" HEIGHT="20" WC="0.96" CONTENT="1877."/><SP WIDTH="36" VPOS="241" HPOS="319"/>
							<String ID="string_8" HPOS="355" VPOS="241" WIDTH="148" HEIGHT="26" WC="0.95" CONTENT="Kyrkoherde"/><SP WIDTH="20" VPOS="241" HPOS="503"/>
							<String ID="string_9" HPOS="523" VPOS="242" WIDTH="5" HEIGHT="20" WC="0.96" CONTENT="i"/><SP WIDTH="20" VPOS="242" HPOS="528"/>
							<String ID="string_10" HPOS="548" VPOS="242" WIDTH="156" HEIGHT="26" WC="0.96" CONTENT="Hyrynsalmi,"/>
						</TextLine>
						<TextLine ID="line_3" HPOS="104" VPOS="270" WIDTH="338" HEIGHT="26">
							<String ID="string_11" HPOS="104" VPOS="271" WIDTH="54" HEIGHT="19" WC="0.95" CONTENT="1868"/><SP WIDTH="15" VPOS="271" HPOS="158"/>
							<String ID="string_12" HPOS="173" VPOS="270" WIDTH="6" HEIGHT="20" WC="0.95" CONTENT="i"/><SP WIDTH="17" VPOS="270" HPOS="179"/>
							<String ID="string_13" HPOS="196" VPOS="270" WIDTH="143" HEIGHT="26" WC="0.96" CONTENT="Leppävirta."/><SP WIDTH="31" VPOS="270" HPOS="339"/>
							<String ID="string_14" HPOS="370" VPOS="271" WIDTH="72" HEIGHT="21" WC="0.96" CONTENT="Prost."/>
						</TextLine>
					</TextBlock>
					<TextBlock ID="block_2" HPOS="102" VPOS="298" WIDTH="602" HEIGHT="57">
						<TextLine ID="line_4" HPOS="134" VPOS="298" WIDTH="570" HEIGHT="30">
							<String ID="string_15" HPOS="134" VPOS="298" WIDTH="91" HEIGHT="27" WC="0.92" CONTENT="1863/64"/><SP WIDTH="20" VPOS="298" HPOS="225"/>
							<String ID="string_16" HPOS="245" VPOS="300" WIDTH="53" HEIGHT="20" WC="0.95" CONTENT="vald"/><SP WIDTH="20" VPOS="300" HPOS="298"/>
							<String ID="string_17" HPOS="318" VPOS="300" WIDTH="24" HEIGHT="20" WC="0.96" CONTENT="af"/><SP WIDTH="19" VPOS="300" HPOS="342"/>
							<String ID="string_18" HPOS="361" VPOS="300" WIDTH="89" HEIGHT="26" WC="0.93" CONTENT="Kuopio"/><SP WIDTH="21" VPOS="300" HPOS="450"/>
							<String ID="string_19" HPOS="471" VPOS="301" WIDTH="60" HEIGHT="21" WC="0.92" CONTENT="stifts"/><SP WIDTH="20" VPOS="301" HPOS="531"/>
							<String ID="string_20" HPOS="551" VPOS="302" WIDTH="153" HEIGHT="26" WC="0.91" CONTENT="prästerskap."/>
						</TextLine>
						<TextLine ID="line_5" HPOS="102" VPOS="329" WIDTH="221" HEIGHT="26">
							<String ID="string_21" HPOS="102" VPOS="330" WIDTH="78" HEIGHT="25" WC="0.95" CONTENT="Suppl."/><SP WIDTH="15" VPOS="330" HPOS="180"/>
							<String ID="string_22" HPOS="195" VPOS="329" WIDTH="6" HEIGHT="21" WC="0.93" CONTENT="i"/><SP WIDTH="15" VPOS="329" HPOS="201"/>
							<String ID="string_23" HPOS="216" VPOS="329" WIDTH="107" HEIGHT="26" WC="0.92" CONTENT="Lagutsk."/>
						</TextLine>
					</TextBlock>
				</ComposedBlock>
				<ComposedBlock ID="cblock_6" HPOS="100" VPOS="384" WIDTH="605" HEIGHT="185">
					<TextBlock ID="block_3" HPOS="100" VPOS="384" WIDTH="605" HEIGHT="126">
						<TextLine ID="line_6" HPOS="100" VPOS="384" WIDTH="260" HEIGHT="29">
							<String ID="string_24" HPOS="100" VPOS="384" WIDTH="84" HEIGHT="28" WC="0.73" CONTENT="Sax6n,"/><SP WIDTH="18" VPOS="384" HPOS="184"/>
							<String ID="string_25" HPOS="202" VPOS="387" WIDTH="50" HEIGHT="21" WC="0.96" CONTENT="Uno"/><SP WIDTH="16" VPOS="387" HPOS="252"/>
							<String ID="string_26" HPOS="268" VPOS="386" WIDTH="92" HEIGHT="27" WC="0.96" CONTENT="Alfons,"/>
						</TextLine>
						<TextLine ID="line_7" HPOS="103" VPOS="424" WIDTH="602" HEIGHT="28">
							<String ID="string_27" HPOS="103" VPOS="424" WIDTH="14" HEIGHT="20" WC="0.93" CONTENT="f."/><SP WIDTH="15" VPOS="424" HPOS="117"/>
							<String ID="string_28" HPOS="132" VPOS="425" WIDTH="62" HEIGHT="20" WC="0.92" CONTENT="1863."/><SP WIDTH="20" VPOS="425" HPOS="194"/>
							<String ID="string_29" HPOS="214" VPOS="425" WIDTH="84" HEIGHT="21" WC="0.92" CONTENT="Lektor"/><SP WIDTH="11" VPOS="425" HPOS="298"/>
							<String ID="string_30" HPOS="309" VPOS="425" WIDTH="36" HEIGHT="21" WC="0.93" CONTENT="vid"/><SP WIDTH="12" VPOS="425" HPOS="345"/>
							<String ID="string_31" HPOS="357" VPOS="426" WIDTH="137" HEIGHT="26" WC="0.92" CONTENT="reallyceum"/><SP WIDTH="14" VPOS="426" HPOS="494"/>
							<String ID="string_32" HPOS="508" VPOS="426" WIDTH="5" HEIGHT="20" WC="0.93" CONTENT="i"/><SP WIDTH="13" VPOS="426" HPOS="513"/>
							<String ID="string_33" HPOS="526" VPOS="426" WIDTH="101" HEIGHT="26" WC="0.91" CONTENT="Wiborg."/><SP WIDTH="21" VPOS="426" HPOS="627"/>
							<String ID="string_34" HPOS="648" VPOS="426" WIDTH="57" HEIGHT="21" WC="0.92" CONTENT="Lek-"/>
						</TextLine>
						<TextLine ID="line_8" HPOS="104" VPOS="454" WIDTH="601" HEIGHT="27">
							<String ID="string_35" HPOS="104" VPOS="456" WIDTH="32" HEIGHT="18" WC="0.95" CONTENT="tor"/><SP WIDTH="18" VPOS="456" HPOS="136"/>
							<String ID="string_36" HPOS="154" VPOS="454" WIDTH="37" HEIGHT="21" WC="0.95" CONTENT="vid"/><SP WIDTH="19" VPOS="454" HPOS="191"/>
							<String ID="string_37" HPOS="210" VPOS="454" WIDTH="75" HEIGHT="21" WC="0.93" CONTENT="finska"/><SP WIDTH="20" VPOS="454" HPOS="285"/>
							<String ID="string_38" HPOS="305" VPOS="454" WIDTH="252" HEIGHT="23" WC="0.92" CONTENT="fruntimmersskolans"/><SP WIDTH="19" VPOS="454" HPOS="557"/>
							<String ID="string_39" HPOS="576" VPOS="456" WIDTH="7" HEIGHT="20" WC="0.93" CONTENT="i"/><SP WIDTH="19" VPOS="456" HPOS="583"/>
							<String ID="string_40" HPOS="602" VPOS="456" WIDTH="103" HEIGHT="25" WC="0.92" CONTENT="Helsing-"/>
						</TextLine>
						<TextLine ID="line_9" HPOS="103" VPOS="484" WIDTH="391" HEIGHT="26">
							<String ID="string_41" HPOS="103" VPOS="484" WIDTH="45" HEIGHT="20" WC="0.93" CONTENT="fors"/><SP WIDTH="19" VPOS="484" HPOS="148"/>
							<String ID="string_42" HPOS="167" VPOS="484" WIDTH="245" HEIGHT="26" WC="0.92" CONTENT="fortsättningsklasser"/><SP WIDTH="19" VPOS="484" HPOS="412"/>
							<String ID="string_43" HPOS="431" VPOS="485" WIDTH="63" HEIGHT="21" WC="0.96" CONTENT="1910."/>
						</TextLine>
					</TextBlock>
					<TextBlock ID="block_4" HPOS="103" VPOS="512" WIDTH="602" HEIGHT="57">
						<TextLine ID="line_10" HPOS="133" VPOS="512" WIDTH="572" HEIGHT="29">
							<String ID="string_44" HPOS="133" VPOS="512" WIDTH="92" HEIGHT="27" WC="0.90" CONTENT="1905/06"/><SP WIDTH="23" VPOS="512" HPOS="225"/>
							<String ID="string_45" HPOS="248" VPOS="514" WIDTH="53" HEIGHT="21" WC="0.93" CONTENT="vald"/><SP WIDTH="22" VPOS="514" HPOS="301"/>
							<String ID="string_46" HPOS="323" VPOS="515" WIDTH="23" HEIGHT="20" WC="0.93" CONTENT="af"/><SP WIDTH="22" VPOS="515" HPOS="346"/>
							<String ID="string_47" HPOS="368" VPOS="515" WIDTH="99" HEIGHT="26" WC="0.92" CONTENT="Nyslotts"/><SP WIDTH="23" VPOS="515" HPOS="467"/>
							<String ID="string_48" HPOS="490" VPOS="515" WIDTH="60" HEIGHT="21" WC="0.92" CONTENT="stifts"/><SP WIDTH="24" VPOS="515" HPOS="550"/>
							<String ID="string_49" HPOS="574" VPOS="516" WIDTH="131" HEIGHT="20" WC="0.92" CONTENT="skollärare."/>
						</TextLine>
						<TextLine ID="line_11" HPOS="103" VPOS="543" WIDTH="272" HEIGHT="26">
							<String ID="string_50" HPOS="103" VPOS="543" WIDTH="77" HEIGHT="26" WC="0.94" CONTENT="Suppl."/><SP WIDTH="18" VPOS="543" HPOS="180"/>
							<String ID="string_51" HPOS="198" VPOS="543" WIDTH="7" HEIGHT="21" WC="0.93" CONTENT="i"/><SP WIDTH="17" VPOS="543" HPOS="205"/>
							<String ID="string_52" HPOS="222" VPOS="543" WIDTH="77" HEIGHT="22" WC="0.85" CONTENT="Järnv."/><SP WIDTH="18" VPOS="543" HPOS="299"/>
							<String ID="string_53" HPOS="317" VPOS="544" WIDTH="58" HEIGHT="21" WC="0.92" CONTENT="utsk."/>
						</TextLine>
					</TextBlock>
				</ComposedBlock>
				<ComposedBlock ID="cblock_7" HPOS="100" VPOS="599" WIDTH="483" HEIGHT="126">
					<TextBlock ID="block_5" HPOS="100" VPOS="599" WIDTH="480" HEIGHT="30">
						<TextLine ID="line_12" HPOS="100" VPOS="599" WIDTH="480" HEIGHT="30">
							<String ID="string_54" HPOS="100" VPOS="599" WIDTH="156" HEIGHT="28" WC="0.91" CONTENT="Schadewitz,"/><SP WIDTH="18" VPOS="599" HPOS="256"/>
							<String ID="string_55" HPOS="274" VPOS="599" WIDTH="76" HEIGHT="29" WC="0.96" CONTENT="(1906:"/><SP WIDTH="27" VPOS="599" HPOS="350"/>
							<String ID="string_56" HPOS="377" VPOS="601" WIDTH="131" HEIGHT="28" WC="0.96" CONTENT="Harmaja),"/><SP WIDTH="18" VPOS="601" HPOS="508"/>
							<String ID="string_57" HPOS="526" VPOS="603" WIDTH="54" HEIGHT="26" WC="0.97" CONTENT="Leo,"/>
						</TextLine>
					</TextBlock>
					<TextBlock ID="block_6" HPOS="103" VPOS="639" WIDTH="480" HEIGHT="26">
						<TextLine ID="line_13" HPOS="103" VPOS="639" WIDTH="480" HEIGHT="26">
							<String ID="string_58" HPOS="103" VPOS="639" WIDTH="14" HEIGHT="20" WC="0.92" CONTENT="f."/><SP WIDTH="21" VPOS="639" HPOS="117"/>
							<String ID="string_59" HPOS="138" VPOS="639" WIDTH="62" HEIGHT="21" WC="0.91" CONTENT="1880."/><SP WIDTH="33" VPOS="639" HPOS="200"/>
							<String ID="string_60" HPOS="233" VPOS="639" WIDTH="108" HEIGHT="22" WC="0.90" CONTENT="Filosofie"/><SP WIDTH="17" VPOS="639" HPOS="341"/>
							<String ID="string_61" HPOS="358" VPOS="640" WIDTH="117" HEIGHT="25" WC="0.96" CONTENT="kandidat,"/><SP WIDTH="18" VPOS="640" HPOS="475"/>
							<String ID="string_62" HPOS="493" VPOS="641" WIDTH="90" HEIGHT="20" WC="0.96" CONTENT="doktor."/>
						</TextLine>
					</TextBlock>
					<TextBlock ID="block_7" HPOS="103" VPOS="669" WIDTH="439" HEIGHT="56">
						<TextLine ID="line_14" HPOS="103" VPOS="669" WIDTH="405" HEIGHT="27">
							<String ID="string_63" HPOS="103" VPOS="669" WIDTH="117" HEIGHT="26" WC="0.92" CONTENT="inspektör"/><SP WIDTH="17" VPOS="669" HPOS="220"/>
							<String ID="string_64" HPOS="237" VPOS="669" WIDTH="37" HEIGHT="21" WC="0.93" CONTENT="vid"/><SP WIDTH="18" VPOS="669" HPOS="274"/>
							<String ID="string_65" HPOS="292" VPOS="670" WIDTH="216" HEIGHT="26" WC="0.92" CONTENT="statsjärnvägarna."/>
						</TextLine>
						<TextLine ID="line_15" HPOS="134" VPOS="697" WIDTH="408" HEIGHT="28">
							<String ID="string_66" HPOS="134" VPOS="697" WIDTH="91" HEIGHT="27" WC="0.93" CONTENT="1904/05"/><SP WIDTH="17" VPOS="697" HPOS="225"/>
							<String ID="string_67" HPOS="242" VPOS="699" WIDTH="88" HEIGHT="21" WC="0.92" CONTENT="notarie"/><SP WIDTH="16" VPOS="699" HPOS="330"/>
							<String ID="string_68" HPOS="346" VPOS="700" WIDTH="7" HEIGHT="20" WC="0.93" CONTENT="i"/><SP WIDTH="16" VPOS="700" HPOS="353"/>
							<String ID="string_69" HPOS="369" VPOS="700" WIDTH="173" HEIGHT="25" WC="0.92" CONTENT="prästeständet."/>
						</TextLine>
					</TextBlock>
				</ComposedBlock>
				<ComposedBlock ID="cblock_8" HPOS="616" VPOS="641" WIDTH="89" HEIGHT="20">
					<TextBlock ID="block_8" HPOS="616" VPOS="641" WIDTH="89" HEIGHT="20">
						<TextLine ID="line_16" HPOS="616" VPOS="641" WIDTH="89" HEIGHT="20">
							<String ID="string_70" HPOS="616" VPOS="641" WIDTH="89" HEIGHT="20" WC="0.92" CONTENT="Trafik-"/>
						</TextLine>
					</TextBlock>
				</ComposedBlock>
				<ComposedBlock ID="cblock_9" HPOS="100" VPOS="754" WIDTH="606" HEIGHT="127">
					<TextBlock ID="block_9" HPOS="100" VPOS="754" WIDTH="606" HEIGHT="96">
						<TextLine ID="line_17" HPOS="100" VPOS="754" WIDTH="405" HEIGHT="29">
							<String ID="string_71" HPOS="100" VPOS="760" WIDTH="48" HEIGHT="17" WC="0.96" CONTENT="von"/><SP WIDTH="17" VPOS="760" HPOS="148"/>
							<String ID="string_72" HPOS="165" VPOS="754" WIDTH="110" HEIGHT="28" WC="0.96" CONTENT="Schantz,"/><SP WIDTH="17" VPOS="754" HPOS="275"/>
							<String ID="string_73" HPOS="292" VPOS="757" WIDTH="78" HEIGHT="21" WC="0.96" CONTENT="Anton"/><SP WIDTH="15" VPOS="757" HPOS="370"/>
							<String ID="string_74" HPOS="385" VPOS="756" WIDTH="120" HEIGHT="27" WC="0.96" CONTENT="Wilhelm,"/>
						</TextLine>
						<TextLine ID="line_18" HPOS="103" VPOS="791" WIDTH="603" HEIGHT="31">
							<String ID="string_75" HPOS="103" VPOS="794" WIDTH="15" HEIGHT="20" WC="0.86" CONTENT="f."/><SP WIDTH="18" VPOS="794" HPOS="118"/>
							<String ID="string_76" HPOS="136" VPOS="795" WIDTH="62" HEIGHT="24" WC="0.95" CONTENT="1740,"/><SP WIDTH="16" VPOS="795" HPOS="198"/>
							<String ID="string_77" HPOS="214" VPOS="792" WIDTH="14" HEIGHT="24" WC="0.26" CONTENT="+"/><SP WIDTH="19" VPOS="792" HPOS="228"/>
							<String ID="string_78" HPOS="247" VPOS="795" WIDTH="61" HEIGHT="20" WC="0.91" CONTENT="1814."/><SP WIDTH="32" VPOS="795" HPOS="308"/>
							<String ID="string_79" HPOS="340" VPOS="791" WIDTH="204" HEIGHT="30" WC="0.84" CONTENT="Öfverstelöjtnant"/><SP WIDTH="15" VPOS="791" HPOS="544"/>
							<String ID="string_80" HPOS="559" VPOS="796" WIDTH="37" HEIGHT="21" WC="0.93" CONTENT="vid"/><SP WIDTH="17" VPOS="796" HPOS="596"/>
							<String ID="string_81" HPOS="613" VPOS="796" WIDTH="93" HEIGHT="26" WC="0.92" CONTENT="Björne-"/>
						</TextLine>
						<TextLine ID="line_19" HPOS="103" VPOS="824" WIDTH="291" HEIGHT="26">
							<String ID="string_82" HPOS="103" VPOS="824" WIDTH="67" HEIGHT="25" WC="0.90" CONTENT="borgs"/><SP WIDTH="16" VPOS="824" HPOS="170"/>
							<String ID="string_83" HPOS="186" VPOS="826" WIDTH="128" HEIGHT="24" WC="0.90" CONTENT="regemente"/><SP WIDTH="19" VPOS="826" HPOS="314"/>
							<String ID="string_84" HPOS="333" VPOS="825" WIDTH="61" HEIGHT="20" WC="0.96" CONTENT="1787."/>
						</TextLine>
					</TextBlock>
					<TextBlock ID="block_10" HPOS="135" VPOS="854" WIDTH="405" HEIGHT="27">
						<TextLine ID="line_20" HPOS="135" VPOS="854" WIDTH="405" HEIGHT="27">
							<String ID="string_85" HPOS="135" VPOS="854" WIDTH="55" HEIGHT="21" WC="0.96" CONTENT="1809"/><SP WIDTH="17" VPOS="854" HPOS="190"/>
							<String ID="string_86" HPOS="207" VPOS="854" WIDTH="6" HEIGHT="20" WC="0.93" CONTENT="i"/><SP WIDTH="18" VPOS="854" HPOS="213"/>
							<String ID="string_87" HPOS="231" VPOS="854" WIDTH="156" HEIGHT="27" WC="0.90" CONTENT="ridderskapet"/><SP WIDTH="18" VPOS="854" HPOS="387"/>
							<String ID="string_88" HPOS="405" VPOS="855" WIDTH="43" HEIGHT="20" WC="0.93" CONTENT="och"/><SP WIDTH="19" VPOS="855" HPOS="448"/>
							<String ID="string_89" HPOS="467" VPOS="855" WIDTH="73" HEIGHT="21" WC="0.93" CONTENT="adeln."/>
						</TextLine>
					</TextBlock>
				</ComposedBlock>
				<ComposedBlock ID="cblock_10" HPOS="100" VPOS="916" WIDTH="606" HEIGHT="216">
					<TextBlock ID="block_11" HPOS="100" VPOS="916" WIDTH="606" HEIGHT="95">
						<TextLine ID="line_21" HPOS="100" VPOS="916" WIDTH="461" HEIGHT="29">
							<String ID="string_90" HPOS="100" VPOS="921" WIDTH="49" HEIGHT="17" WC="0.96" CONTENT="von"/><SP WIDTH="17" VPOS="921" HPOS="149"/>
							<String ID="string_91" HPOS="166" VPOS="916" WIDTH="111" HEIGHT="28" WC="0.96" CONTENT="Schantz,"/><SP WIDTH="17" VPOS="916" HPOS="277"/>
							<String ID="string_92" HPOS="294" VPOS="917" WIDTH="89" HEIGHT="22" WC="0.96" CONTENT="Berndt"/><SP WIDTH="15" VPOS="917" HPOS="383"/>
							<String ID="string_93" HPOS="398" VPOS="917" WIDTH="76" HEIGHT="22" WC="0.96" CONTENT="Adam"/><SP WIDTH="17" VPOS="917" HPOS="474"/>
							<String ID="string_94" HPOS="491" VPOS="917" WIDTH="70" HEIGHT="28" WC="0.86" CONTENT="Emil,"/>
						</TextLine>
						<TextLine ID="line_22" HPOS="104" VPOS="953" WIDTH="602" HEIGHT="30">
							<String ID="string_95" HPOS="104" VPOS="955" WIDTH="14" HEIGHT="20" WC="0.92" CONTENT="f."/><SP WIDTH="23" VPOS="955" HPOS="118"/>
							<String ID="string_96" HPOS="141" VPOS="957" WIDTH="61" HEIGHT="20" WC="0.89" CONTENT="1851."/><SP WIDTH="36" VPOS="957" HPOS="202"/>
							<String ID="string_97" HPOS="238" VPOS="956" WIDTH="121" HEIGHT="26" WC="0.76" CONTENT="Agronom."/><SP WIDTH="34" VPOS="956" HPOS="359"/>
							<String ID="string_98" HPOS="393" VPOS="953" WIDTH="62" HEIGHT="29" WC="0.77" CONTENT="Ägde"/><SP WIDTH="20" VPOS="953" HPOS="455"/>
							<String ID="string_99" HPOS="475" VPOS="957" WIDTH="134" HEIGHT="26" WC="0.92" CONTENT="Staffansby"/><SP WIDTH="20" VPOS="957" HPOS="609"/>
							<String ID="string_100" HPOS="629" VPOS="958" WIDTH="6" HEIGHT="20" WC="0.93" CONTENT="i"/><SP WIDTH="19" VPOS="958" HPOS="635"/>
							<String ID="string_101" HPOS="654" VPOS="958" WIDTH="52" HEIGHT="20" WC="0.91" CONTENT="Hel-"/>
						</TextLine>
						<TextLine ID="line_23" HPOS="103" VPOS="985" WIDTH="167" HEIGHT="26">
							<String ID="string_102" HPOS="103" VPOS="985" WIDTH="63" HEIGHT="26" WC="0.92" CONTENT="singe"/><SP WIDTH="14" VPOS="985" HPOS="166"/>
							<String ID="string_103" HPOS="180" VPOS="986" WIDTH="90" HEIGHT="21" WC="0.96" CONTENT="socken."/>
						</TextLine>
					</TextBlock>
					<TextBlock ID="block_12" HPOS="134" VPOS="1015" WIDTH="406" HEIGHT="27">
						<TextLine ID="line_24" HPOS="134" VPOS="1015" WIDTH="406" HEIGHT="27">
							<String ID="string_104" HPOS="134" VPOS="1016" WIDTH="56" HEIGHT="20" WC="0.96" CONTENT="1894"/><SP WIDTH="18" VPOS="1016" HPOS="190"/>
							<String ID="string_105" HPOS="208" VPOS="1015" WIDTH="5" HEIGHT="21" WC="0.93" CONTENT="i"/><SP WIDTH="19" VPOS="1015" HPOS="213"/>
							<String ID="string_106" HPOS="232" VPOS="1016" WIDTH="156" HEIGHT="26" WC="0.91" CONTENT="ridderskapet"/><SP WIDTH="17" VPOS="1016" HPOS="388"/>
							<String ID="string_107" HPOS="405" VPOS="1017" WIDTH="42" HEIGHT="20" WC="0.93" CONTENT="och"/><SP WIDTH="19" VPOS="1017" HPOS="447"/>
							<String ID="string_108" HPOS="466" VPOS="1017" WIDTH="74" HEIGHT="20" WC="0.92" CONTENT="adeln."/>
						</TextLine>
					</TextBlock>
					<TextBlock ID="block_13" HPOS="134" VPOS="1045" WIDTH="407" HEIGHT="27">
						<TextLine ID="line_25" HPOS="134" VPOS="1045" WIDTH="407" HEIGHT="27">
							<String ID="string_109" HPOS="134" VPOS="1046" WIDTH="55" HEIGHT="20" WC="0.96" CONTENT="1897"/><SP WIDTH="18" VPOS="1046" HPOS="189"/>
							<String ID="string_110" HPOS="207" VPOS="1045" WIDTH="6" HEIGHT="20" WC="0.93" CONTENT="i"/><SP WIDTH="18" VPOS="1045" HPOS="213"/>
							<String ID="string_111" HPOS="231" VPOS="1045" WIDTH="156" HEIGHT="27" WC="0.91" CONTENT="ridderskapet"/><SP WIDTH="19" VPOS="1045" HPOS="387"/>
							<String ID="string_112" HPOS="406" VPOS="1047" WIDTH="42" HEIGHT="20" WC="0.93" CONTENT="och"/><SP WIDTH="19" VPOS="1047" HPOS="448"/>
							<String ID="string_113" HPOS="467" VPOS="1047" WIDTH="74" HEIGHT="20" WC="0.92" CONTENT="adeln."/>
						</TextLine>
					</TextBlock>
					<TextBlock ID="block_14" HPOS="134" VPOS="1075" WIDTH="406" HEIGHT="27">
						<TextLine ID="line_26" HPOS="134" VPOS="1075" WIDTH="406" HEIGHT="27">
							<String ID="string_114" HPOS="134" VPOS="1075" WIDTH="56" HEIGHT="20" WC="0.96" CONTENT="1900"/><SP WIDTH="18" VPOS="1075" HPOS="190"/>
							<String ID="string_115" HPOS="208" VPOS="1075" WIDTH="5" HEIGHT="20" WC="0.93" CONTENT="i"/><SP WIDTH="19" VPOS="1075" HPOS="213"/>
							<String ID="string_116" HPOS="232" VPOS="1075" WIDTH="156" HEIGHT="27" WC="0.91" CONTENT="ridderskapet"/><SP WIDTH="18" VPOS="1075" HPOS="388"/>
							<String ID="string_117" HPOS="406" VPOS="1077" WIDTH="42" HEIGHT="20" WC="0.93" CONTENT="och"/><SP WIDTH="18" VPOS="1077" HPOS="448"/>
							<String ID="string_118" HPOS="466" VPOS="1077" WIDTH="74" HEIGHT="20" WC="0.92" CONTENT="adeln."/>
						</TextLine>
					</TextBlock>
					<TextBlock ID="block_15" HPOS="135" VPOS="1103" WIDTH="447" HEIGHT="29">
						<TextLine ID="line_27" HPOS="135" VPOS="1103" WIDTH="447" HEIGHT="29">
							<String ID="string_119" HPOS="135" VPOS="1103" WIDTH="91" HEIGHT="26" WC="0.91" CONTENT="1904/05"/><SP WIDTH="18" VPOS="1103" HPOS="226"/>
							<String ID="string_120" HPOS="244" VPOS="1105" WIDTH="7" HEIGHT="20" WC="0.93" CONTENT="i"/><SP WIDTH="19" VPOS="1105" HPOS="251"/>
							<String ID="string_121" HPOS="270" VPOS="1105" WIDTH="157" HEIGHT="27" WC="0.92" CONTENT="ridderskapet"/><SP WIDTH="19" VPOS="1105" HPOS="427"/>
							<String ID="string_122" HPOS="446" VPOS="1107" WIDTH="43" HEIGHT="20" WC="0.93" CONTENT="och"/><SP WIDTH="20" VPOS="1107" HPOS="489"/>
							<String ID="string_123" HPOS="509" VPOS="1107" WIDTH="73" HEIGHT="20" WC="0.93" CONTENT="adeln."/>
						</TextLine>
					</TextBlock>
				</ComposedBlock>
				<ComposedBlock ID="cblock_11" HPOS="100" VPOS="1167" WIDTH="377" HEIGHT="28">
					<TextBlock ID="block_16" HPOS="100" VPOS="1167" WIDTH="377" HEIGHT="28">
						<TextLine ID="line_28" HPOS="100" VPOS="1167" WIDTH="377" HEIGHT="28">
							<String ID="string_124" HPOS="100" VPOS="1172" WIDTH="49" HEIGHT="17" WC="0.96" CONTENT="von"/><SP WIDTH="17" VPOS="1172" HPOS="149"/>
							<String ID="string_125" HPOS="166" VPOS="1167" WIDTH="110" HEIGHT="28" WC="0.96" CONTENT="Schantz,"/><SP WIDTH="17" VPOS="1167" HPOS="276"/>
							<String ID="string_126" HPOS="293" VPOS="1168" WIDTH="55" HEIGHT="22" WC="0.93" CONTENT="Erik"/><SP WIDTH="17" VPOS="1168" HPOS="348"/>
							<String ID="string_127" HPOS="365" VPOS="1168" WIDTH="112" HEIGHT="27" WC="0.93" CONTENT="Gottirid,"/>
						</TextLine>
					</TextBlock>
				</ComposedBlock>
				<ComposedBlock ID="cblock_12" HPOS="103" VPOS="1206" WIDTH="481" HEIGHT="57">
					<TextBlock ID="block_17" HPOS="103" VPOS="1206" WIDTH="481" HEIGHT="57">
						<TextLine ID="line_29" HPOS="103" VPOS="1206" WIDTH="328" HEIGHT="27">
							<String ID="string_128" HPOS="103" VPOS="1206" WIDTH="15" HEIGHT="20" WC="0.90" CONTENT="f."/><SP WIDTH="18" VPOS="1206" HPOS="118"/>
							<String ID="string_129" HPOS="136" VPOS="1207" WIDTH="62" HEIGHT="20" WC="0.90" CONTENT="1877."/><SP WIDTH="32" VPOS="1207" HPOS="198"/>
							<String ID="string_130" HPOS="230" VPOS="1207" WIDTH="201" HEIGHT="26" WC="0.90" CONTENT="Maskiningeniör."/>
						</TextLine>
						<TextLine ID="line_30" HPOS="135" VPOS="1235" WIDTH="449" HEIGHT="28">
							<String ID="string_131" HPOS="135" VPOS="1235" WIDTH="91" HEIGHT="25" WC="0.91" CONTENT="1905/06"/><SP WIDTH="20" VPOS="1235" HPOS="226"/>
							<String ID="string_132" HPOS="246" VPOS="1237" WIDTH="5" HEIGHT="20" WC="0.93" CONTENT="i"/><SP WIDTH="19" VPOS="1237" HPOS="251"/>
							<String ID="string_133" HPOS="270" VPOS="1237" WIDTH="157" HEIGHT="26" WC="0.88" CONTENT="ridderskapet"/><SP WIDTH="20" VPOS="1237" HPOS="427"/>
							<String ID="string_134" HPOS="447" VPOS="1238" WIDTH="43" HEIGHT="20" WC="0.93" CONTENT="och"/><SP WIDTH="20" VPOS="1238" HPOS="490"/>
							<String ID="string_135" HPOS="510" VPOS="1238" WIDTH="74" HEIGHT="21" WC="0.91" CONTENT="adeln."/>
						</TextLine>
					</TextBlock>
				</ComposedBlock>
				<ComposedBlock ID="cblock_13" HPOS="100" VPOS="1298" WIDTH="563" HEIGHT="67">
					<TextBlock ID="block_18" HPOS="100" VPOS="1298" WIDTH="563" HEIGHT="67">
						<TextLine ID="line_31" HPOS="100" VPOS="1298" WIDTH="418" HEIGHT="29">
							<String ID="string_136" HPOS="100" VPOS="1303" WIDTH="49" HEIGHT="17" WC="0.96" CONTENT="von"/><SP WIDTH="17" VPOS="1303" HPOS="149"/>
							<String ID="string_137" HPOS="166" VPOS="1298" WIDTH="110" HEIGHT="28" WC="0.96" CONTENT="Schantz,"/><SP WIDTH="18" VPOS="1298" HPOS="276"/>
							<String ID="string_138" HPOS="294" VPOS="1299" WIDTH="87" HEIGHT="22" WC="0.96" CONTENT="Fabian"/><SP WIDTH="18" VPOS="1299" HPOS="381"/>
							<String ID="string_139" HPOS="399" VPOS="1299" WIDTH="119" HEIGHT="28" WC="0.96" CONTENT="Wilhelm,"/>
						</TextLine>
						<TextLine ID="line_32" HPOS="104" VPOS="1335" WIDTH="559" HEIGHT="30">
							<String ID="string_140" HPOS="104" VPOS="1337" WIDTH="14" HEIGHT="20" WC="0.92" CONTENT="f."/><SP WIDTH="19" VPOS="1337" HPOS="118"/>
							<String ID="string_141" HPOS="137" VPOS="1338" WIDTH="61" HEIGHT="24" WC="0.93" CONTENT="1839,"/><SP WIDTH="17" VPOS="1338" HPOS="198"/>
							<String ID="string_142" HPOS="215" VPOS="1335" WIDTH="14" HEIGHT="25" WC="0.76" CONTENT="t"/><SP WIDTH="18" VPOS="1335" HPOS="229"/>
							<String ID="string_143" HPOS="247" VPOS="1339" WIDTH="61" HEIGHT="20" WC="0.93" CONTENT="1910."/><SP WIDTH="31" VPOS="1339" HPOS="308"/>
							<String ID="string_144" HPOS="339" VPOS="1338" WIDTH="136" HEIGHT="21" WC="0.90" CONTENT="Handlande"/><SP WIDTH="15" VPOS="1338" HPOS="475"/>
							<String ID="string_145" HPOS="490" VPOS="1339" WIDTH="6" HEIGHT="20" WC="0.95" CONTENT="i"/><SP WIDTH="17" VPOS="1339" HPOS="496"/>
							<String ID="string_146" HPOS="513" VPOS="1339" WIDTH="150" HEIGHT="26" WC="0.96" CONTENT="Helsingfors."/>
						</TextLine>
					</TextBlock>
				</ComposedBlock>
				<ComposedBlock ID="cblock_14" HPOS="104" VPOS="1373" WIDTH="602" HEIGHT="86">
					<TextBlock ID="block_19" HPOS="104" VPOS="1373" WIDTH="602" HEIGHT="86">
						<TextLine ID="line_33" HPOS="135" VPOS="1373" WIDTH="571" HEIGHT="27">
							<String ID="string_147" HPOS="135" VPOS="1374" WIDTH="55" HEIGHT="19" WC="0.96" CONTENT="1872"/><SP WIDTH="16" VPOS="1374" HPOS="190"/>
							<String ID="string_148" HPOS="206" VPOS="1373" WIDTH="6" HEIGHT="20" WC="0.93" CONTENT="i"/><SP WIDTH="17" VPOS="1373" HPOS="212"/>
							<String ID="string_149" HPOS="229" VPOS="1373" WIDTH="156" HEIGHT="26" WC="0.96" CONTENT="ridderskapet"/><SP WIDTH="17" VPOS="1373" HPOS="385"/>
							<String ID="string_150" HPOS="402" VPOS="1375" WIDTH="43" HEIGHT="20" WC="0.93" CONTENT="och"/><SP WIDTH="16" VPOS="1375" HPOS="445"/>
							<String ID="string_151" HPOS="461" VPOS="1375" WIDTH="74" HEIGHT="20" WC="0.92" CONTENT="adeln."/><SP WIDTH="32" VPOS="1375" HPOS="535"/>
							<String ID="string_152" HPOS="567" VPOS="1375" WIDTH="53" HEIGHT="20" WC="0.93" CONTENT="Led."/><SP WIDTH="16" VPOS="1375" HPOS="620"/>
							<String ID="string_153" HPOS="636" VPOS="1375" WIDTH="7" HEIGHT="20" WC="0.93" CONTENT="i"/><SP WIDTH="17" VPOS="1375" HPOS="643"/>
							<String ID="string_154" HPOS="660" VPOS="1375" WIDTH="46" HEIGHT="25" WC="0.92" CONTENT="Sjö-"/>
						</TextLine>
						<TextLine ID="line_34" HPOS="104" VPOS="1402" WIDTH="107" HEIGHT="26">
							<String ID="string_155" HPOS="104" VPOS="1402" WIDTH="107" HEIGHT="26" WC="0.91" CONTENT="lagsutsk."/>
						</TextLine>
						<TextLine ID="line_35" HPOS="135" VPOS="1431" WIDTH="448" HEIGHT="28">
							<String ID="string_156" HPOS="135" VPOS="1431" WIDTH="92" HEIGHT="26" WC="0.92" CONTENT="1877/78"/><SP WIDTH="19" VPOS="1431" HPOS="227"/>
							<String ID="string_157" HPOS="246" VPOS="1433" WIDTH="5" HEIGHT="20" WC="0.93" CONTENT="i"/><SP WIDTH="20" VPOS="1433" HPOS="251"/>
							<String ID="string_158" HPOS="271" VPOS="1433" WIDTH="156" HEIGHT="26" WC="0.92" CONTENT="ridderskapet"/><SP WIDTH="20" VPOS="1433" HPOS="427"/>
							<String ID="string_159" HPOS="447" VPOS="1434" WIDTH="42" HEIGHT="20" WC="0.93" CONTENT="och"/><SP WIDTH="20" VPOS="1434" HPOS="489"/>
							<String ID="string_160" HPOS="509" VPOS="1434" WIDTH="74" HEIGHT="20" WC="0.93" CONTENT="adeln."/>
						</TextLine>
					</TextBlock>
				</ComposedBlock>
				<ComposedBlock ID="cblock_15" HPOS="101" VPOS="1493" WIDTH="361" HEIGHT="29">
					<TextBlock ID="block_20" HPOS="101" VPOS="1493" WIDTH="361" HEIGHT="29">
						<TextLine ID="line_36" HPOS="101" VPOS="1493" WIDTH="361" HEIGHT="29">
							<String ID="string_161" HPOS="101" VPOS="1499" WIDTH="48" HEIGHT="17" WC="0.96" CONTENT="von"/><SP WIDTH="17" VPOS="1499" HPOS="149"/>
							<String ID="string_162" HPOS="166" VPOS="1493" WIDTH="111" HEIGHT="27" WC="0.96" CONTENT="Schantz,"/><SP WIDTH="17" VPOS="1493" HPOS="277"/>
							<String ID="string_163" HPOS="294" VPOS="1494" WIDTH="85" HEIGHT="22" WC="0.91" CONTENT="Gustaf"/><SP WIDTH="16" VPOS="1494" HPOS="379"/>
							<String ID="string_164" HPOS="395" VPOS="1494" WIDTH="67" HEIGHT="28" WC="0.96" CONTENT="Filip,"/>
						</TextLine>
					</TextBlock>
				</ComposedBlock>
				<ComposedBlock ID="cblock_16" HPOS="104" VPOS="1532" WIDTH="443" HEIGHT="56">
					<TextBlock ID="block_21" HPOS="104" VPOS="1532" WIDTH="443" HEIGHT="56">
						<TextLine ID="line_37" HPOS="104" VPOS="1532" WIDTH="443" HEIGHT="28">
							<String ID="string_165" HPOS="104" VPOS="1532" WIDTH="15" HEIGHT="21" WC="0.92" CONTENT="f."/><SP WIDTH="19" VPOS="1532" HPOS="119"/>
							<String ID="string_166" HPOS="138" VPOS="1534" WIDTH="62" HEIGHT="20" WC="0.92" CONTENT="1857."/><SP WIDTH="33" VPOS="1534" HPOS="200"/>
							<String ID="string_167" HPOS="233" VPOS="1532" WIDTH="166" HEIGHT="27" WC="0.90" CONTENT="Civilingeniör,"/><SP WIDTH="17" VPOS="1532" HPOS="399"/>
							<String ID="string_168" HPOS="416" VPOS="1534" WIDTH="131" HEIGHT="26" WC="0.92" CONTENT="godsägare."/>
						</TextLine>
						<TextLine ID="line_38" HPOS="136" VPOS="1563" WIDTH="396" HEIGHT="25">
							<String ID="string_169" HPOS="136" VPOS="1564" WIDTH="55" HEIGHT="19" WC="0.96" CONTENT="1899"/><SP WIDTH="15" VPOS="1564" HPOS="191"/>
							<String ID="string_170" HPOS="206" VPOS="1564" WIDTH="6" HEIGHT="20" WC="0.93" CONTENT="i"/><SP WIDTH="16" VPOS="1564" HPOS="212"/>
							<String ID="string_171" HPOS="228" VPOS="1563" WIDTH="156" HEIGHT="25" WC="0.92" CONTENT="ridderskapet"/><SP WIDTH="15" VPOS="1563" HPOS="384"/>
							<String ID="string_172" HPOS="399" VPOS="1564" WIDTH="43" HEIGHT="20" WC="0.93" CONTENT="och"/><SP WIDTH="16" VPOS="1564" HPOS="442"/>
							<String ID="string_173" HPOS="458" VPOS="1564" WIDTH="74" HEIGHT="20" WC="0.92" CONTENT="adeln."/>
						</TextLine>
					</TextBlock>
				</ComposedBlock>
				<ComposedBlock ID="cblock_17" HPOS="102" VPOS="1624" WIDTH="605" HEIGHT="124">
					<TextBlock ID="block_22" HPOS="102" VPOS="1624" WIDTH="605" HEIGHT="94">
						<TextLine ID="line_39" HPOS="102" VPOS="1624" WIDTH="418" HEIGHT="27">
							<String ID="string_174" HPOS="102" VPOS="1629" WIDTH="48" HEIGHT="17" WC="0.96" CONTENT="von"/><SP WIDTH="16" VPOS="1629" HPOS="150"/>
							<String ID="string_175" HPOS="166" VPOS="1624" WIDTH="111" HEIGHT="26" WC="0.96" CONTENT="Schantz,"/><SP WIDTH="17" VPOS="1624" HPOS="277"/>
							<String ID="string_176" HPOS="294" VPOS="1624" WIDTH="78" HEIGHT="22" WC="0.96" CONTENT="Johan"/><SP WIDTH="17" VPOS="1624" HPOS="372"/>
							<String ID="string_177" HPOS="389" VPOS="1624" WIDTH="131" HEIGHT="27" WC="0.96" CONTENT="Eberhard,"/>
						</TextLine>
						<TextLine ID="line_40" HPOS="105" VPOS="1660" WIDTH="602" HEIGHT="27">
							<String ID="string_178" HPOS="105" VPOS="1662" WIDTH="15" HEIGHT="21" WC="0.92" CONTENT="f."/><SP WIDTH="13" VPOS="1662" HPOS="120"/>
							<String ID="string_179" HPOS="133" VPOS="1663" WIDTH="62" HEIGHT="24" WC="0.90" CONTENT="1802,"/><SP WIDTH="11" VPOS="1663" HPOS="195"/>
							<String ID="string_180" HPOS="206" VPOS="1660" WIDTH="15" HEIGHT="25" WC="0.24" CONTENT="I"/><SP WIDTH="14" VPOS="1660" HPOS="221"/>
							<String ID="string_181" HPOS="235" VPOS="1663" WIDTH="61" HEIGHT="21" WC="0.92" CONTENT="1880."/><SP WIDTH="27" VPOS="1663" HPOS="296"/>
							<String ID="string_182" HPOS="323" VPOS="1663" WIDTH="135" HEIGHT="21" WC="0.92" CONTENT="Viceamiral"/><SP WIDTH="11" VPOS="1663" HPOS="458"/>
							<String ID="string_183" HPOS="469" VPOS="1664" WIDTH="44" HEIGHT="20" WC="0.96" CONTENT="och"/><SP WIDTH="12" VPOS="1664" HPOS="513"/>
							<String ID="string_184" HPOS="525" VPOS="1664" WIDTH="99" HEIGHT="20" WC="0.96" CONTENT="ledamot"/><SP WIDTH="10" VPOS="1664" HPOS="624"/>
							<String ID="string_185" HPOS="634" VPOS="1664" WIDTH="7" HEIGHT="20" WC="0.93" CONTENT="i"/><SP WIDTH="11" VPOS="1664" HPOS="641"/>
							<String ID="string_186" HPOS="652" VPOS="1664" WIDTH="55" HEIGHT="20" WC="0.92" CONTENT="ami-"/>
						</TextLine>
						<TextLine ID="line_41" HPOS="104" VPOS="1692" WIDTH="389" HEIGHT="26">
							<String ID="string_187" HPOS="104" VPOS="1692" WIDTH="215" HEIGHT="26" WC="0.92" CONTENT="ralitetskonseljen;"/><SP WIDTH="17" VPOS="1692" HPOS="319"/>
							<String ID="string_188" HPOS="336" VPOS="1694" WIDTH="55" HEIGHT="19" WC="0.93" CONTENT="1866"/><SP WIDTH="14" VPOS="1694" HPOS="391"/>
							<String ID="string_189" HPOS="405" VPOS="1693" WIDTH="88" HEIGHT="20" WC="0.92" CONTENT="amiral."/>
						</TextLine>
					</TextBlock>
					<TextBlock ID="block_23" HPOS="136" VPOS="1720" WIDTH="449" HEIGHT="28">
						<TextLine ID="line_42" HPOS="136" VPOS="1720" WIDTH="449" HEIGHT="28">
							<String ID="string_190" HPOS="136" VPOS="1720" WIDTH="91" HEIGHT="27" WC="0.92" CONTENT="1863/64"/><SP WIDTH="20" VPOS="1720" HPOS="227"/>
							<String ID="string_191" HPOS="247" VPOS="1722" WIDTH="6" HEIGHT="20" WC="0.93" CONTENT="i"/><SP WIDTH="19" VPOS="1722" HPOS="253"/>
							<String ID="string_192" HPOS="272" VPOS="1722" WIDTH="157" HEIGHT="26" WC="0.92" CONTENT="ridderskapet"/><SP WIDTH="19" VPOS="1722" HPOS="429"/>
							<String ID="string_193" HPOS="448" VPOS="1723" WIDTH="43" HEIGHT="19" WC="0.93" CONTENT="och"/><SP WIDTH="21" VPOS="1723" HPOS="491"/>
							<String ID="string_194" HPOS="512" VPOS="1723" WIDTH="73" HEIGHT="20" WC="0.92" CONTENT="adeln."/>
						</TextLine>
					</TextBlock>
				</ComposedBlock>
				<ComposedBlock ID="cblock_18" HPOS="737" VPOS="202" WIDTH="605" HEIGHT="126">
					<TextBlock ID="block_24" HPOS="737" VPOS="202" WIDTH="605" HEIGHT="91">
						<TextLine ID="line_43" HPOS="737" VPOS="202" WIDTH="461" HEIGHT="29">
							<String ID="string_195" HPOS="737" VPOS="208" WIDTH="47" HEIGHT="17" WC="0.96" CONTENT="von"/><SP WIDTH="17" VPOS="208" HPOS="784"/>
							<String ID="string_196" HPOS="801" VPOS="202" WIDTH="110" HEIGHT="28" WC="0.96" CONTENT="Schantz,"/><SP WIDTH="17" VPOS="202" HPOS="911"/>
							<String ID="string_197" HPOS="928" VPOS="204" WIDTH="123" HEIGHT="22" WC="0.96" CONTENT="Johannes"/><SP WIDTH="17" VPOS="204" HPOS="1051"/>
							<String ID="string_198" HPOS="1068" VPOS="204" WIDTH="130" HEIGHT="27" WC="0.96" CONTENT="Eberhard,"/>
						</TextLine>
						<TextLine ID="line_44" HPOS="739" VPOS="242" WIDTH="603" HEIGHT="28">
							<String ID="string_199" HPOS="739" VPOS="242" WIDTH="14" HEIGHT="20" WC="0.86" CONTENT="f."/><SP WIDTH="28" VPOS="242" HPOS="753"/>
							<String ID="string_200" HPOS="781" VPOS="243" WIDTH="61" HEIGHT="19" WC="0.90" CONTENT="1861."/><SP WIDTH="40" VPOS="243" HPOS="842"/>
							<String ID="string_201" HPOS="882" VPOS="242" WIDTH="242" HEIGHT="27" WC="0.34" CONTENT="—Vicehäradshöfding."/><SP WIDTH="41" VPOS="242" HPOS="1124"/>
							<String ID="string_202" HPOS="1165" VPOS="244" WIDTH="147" HEIGHT="26" WC="0.96" CONTENT="Kronofogde"/><SP WIDTH="24" VPOS="244" HPOS="1312"/>
							<String ID="string_203" HPOS="1336" VPOS="244" WIDTH="6" HEIGHT="20" WC="0.96" CONTENT="i"/>
						</TextLine>
						<TextLine ID="line_45" HPOS="740" VPOS="272" WIDTH="347" HEIGHT="21">
							<String ID="string_204" HPOS="740" VPOS="272" WIDTH="87" HEIGHT="20" WC="0.92" CONTENT="Vehmo"/><SP WIDTH="17" VPOS="272" HPOS="827"/>
							<String ID="string_205" HPOS="844" VPOS="272" WIDTH="72" HEIGHT="21" WC="0.92" CONTENT="härad"/><SP WIDTH="20" VPOS="272" HPOS="916"/>
							<String ID="string_206" HPOS="936" VPOS="273" WIDTH="151" HEIGHT="20" WC="0.92" CONTENT="1892—1907."/>
						</TextLine>
					</TextBlock>
					<TextBlock ID="block_25" HPOS="771" VPOS="302" WIDTH="404" HEIGHT="26">
						<TextLine ID="line_46" HPOS="771" VPOS="302" WIDTH="404" HEIGHT="26">
							<String ID="string_207" HPOS="771" VPOS="302" WIDTH="52" HEIGHT="20" WC="0.96" CONTENT="1891"/><SP WIDTH="20" VPOS="302" HPOS="823"/>
							<String ID="string_208" HPOS="843" VPOS="302" WIDTH="6" HEIGHT="20" WC="0.93" CONTENT="i"/><SP WIDTH="17" VPOS="302" HPOS="849"/>
							<String ID="string_209" HPOS="866" VPOS="302" WIDTH="158" HEIGHT="26" WC="0.92" CONTENT="ridderskapet"/><SP WIDTH="18" VPOS="302" HPOS="1024"/>
							<String ID="string_210" HPOS="1042" VPOS="303" WIDTH="42" HEIGHT="20" WC="0.93" CONTENT="och"/><SP WIDTH="18" VPOS="303" HPOS="1084"/>
							<String ID="string_211" HPOS="1102" VPOS="303" WIDTH="73" HEIGHT="21" WC="0.93" CONTENT="adeln."/>
						</TextLine>
					</TextBlock>
				</ComposedBlock>
				<ComposedBlock ID="cblock_19" HPOS="736" VPOS="357" WIDTH="339" HEIGHT="28">
					<TextBlock ID="block_26" HPOS="736" VPOS="357" WIDTH="339" HEIGHT="28">
						<TextLine ID="line_47" HPOS="736" VPOS="357" WIDTH="339" HEIGHT="28">
							<String ID="string_212" HPOS="736" VPOS="362" WIDTH="48" HEIGHT="18" WC="0.96" CONTENT="von"/><SP WIDTH="17" VPOS="362" HPOS="784"/>
							<String ID="string_213" HPOS="801" VPOS="357" WIDTH="110" HEIGHT="28" WC="0.95" CONTENT="Schantz,"/><SP WIDTH="17" VPOS="357" HPOS="911"/>
							<String ID="string_214" HPOS="928" VPOS="358" WIDTH="63" HEIGHT="23" WC="0.96" CONTENT="Knut"/><SP WIDTH="16" VPOS="358" HPOS="991"/>
							<String ID="string_215" HPOS="1007" VPOS="358" WIDTH="68" HEIGHT="27" WC="0.96" CONTENT="Emil,"/>
						</TextLine>
					</TextBlock>
				</ComposedBlock>
				<ComposedBlock ID="cblock_20" HPOS="740" VPOS="394" WIDTH="556" HEIGHT="59">
					<TextBlock ID="block_27" HPOS="740" VPOS="394" WIDTH="556" HEIGHT="59">
						<TextLine ID="line_48" HPOS="740" VPOS="394" WIDTH="556" HEIGHT="29">
							<String ID="string_216" HPOS="740" VPOS="396" WIDTH="14" HEIGHT="21" WC="0.90" CONTENT="f."/><SP WIDTH="21" VPOS="396" HPOS="754"/>
							<String ID="string_217" HPOS="775" VPOS="398" WIDTH="61" HEIGHT="23" WC="0.93" CONTENT="1824,"/><SP WIDTH="19" VPOS="398" HPOS="836"/>
							<String ID="string_218" HPOS="855" VPOS="394" WIDTH="15" HEIGHT="26" WC="0.62" CONTENT="T"/><SP WIDTH="20" VPOS="394" HPOS="870"/>
							<String ID="string_219" HPOS="890" VPOS="398" WIDTH="61" HEIGHT="20" WC="0.93" CONTENT="1899."/><SP WIDTH="34" VPOS="398" HPOS="951"/>
							<String ID="string_220" HPOS="985" VPOS="397" WIDTH="116" HEIGHT="26" WC="0.93" CONTENT="Löjtnant."/><SP WIDTH="32" VPOS="397" HPOS="1101"/>
							<String ID="string_221" HPOS="1133" VPOS="398" WIDTH="163" HEIGHT="21" WC="0.91" CONTENT="Possessionat."/>
						</TextLine>
						<TextLine ID="line_49" HPOS="771" VPOS="427" WIDTH="405" HEIGHT="26">
							<String ID="string_222" HPOS="771" VPOS="428" WIDTH="53" HEIGHT="19" WC="0.96" CONTENT="1867"/><SP WIDTH="20" VPOS="428" HPOS="824"/>
							<String ID="string_223" HPOS="844" VPOS="428" WIDTH="5" HEIGHT="20" WC="0.93" CONTENT="i"/><SP WIDTH="19" VPOS="428" HPOS="849"/>
							<String ID="string_224" HPOS="868" VPOS="427" WIDTH="158" HEIGHT="26" WC="0.92" CONTENT="ridderskapet"/><SP WIDTH="16" VPOS="427" HPOS="1026"/>
							<String ID="string_225" HPOS="1042" VPOS="428" WIDTH="44" HEIGHT="20" WC="0.93" CONTENT="och"/><SP WIDTH="17" VPOS="428" HPOS="1086"/>
							<String ID="string_226" HPOS="1103" VPOS="428" WIDTH="73" HEIGHT="20" WC="0.92" CONTENT="adeln."/>
						</TextLine>
					</TextBlock>
				</ComposedBlock>
				<ComposedBlock ID="cblock_21" HPOS="738" VPOS="482" WIDTH="379" HEIGHT="28">
					<TextBlock ID="block_28" HPOS="738" VPOS="482" WIDTH="379" HEIGHT="28">
						<TextLine ID="line_50" HPOS="738" VPOS="482" WIDTH="379" HEIGHT="28">
							<String ID="string_227" HPOS="738" VPOS="482" WIDTH="176" HEIGHT="28" WC="0.90" CONTENT="Schatelowitz,"/><SP WIDTH="16" VPOS="482" HPOS="914"/>
							<String ID="string_228" HPOS="930" VPOS="483" WIDTH="78" HEIGHT="22" WC="0.96" CONTENT="Johan"/><SP WIDTH="18" VPOS="483" HPOS="1008"/>
							<String ID="string_229" HPOS="1026" VPOS="483" WIDTH="91" HEIGHT="27" WC="0.93" CONTENT="Gustaf,"/>
						</TextLine>
					</TextBlock>
				</ComposedBlock>
				<ComposedBlock ID="cblock_22" HPOS="739" VPOS="519" WIDTH="604" HEIGHT="202">
					<TextBlock ID="block_29" HPOS="739" VPOS="519" WIDTH="604" HEIGHT="202">
						<TextLine ID="line_51" HPOS="741" VPOS="519" WIDTH="601" HEIGHT="29">
							<String ID="string_230" HPOS="741" VPOS="521" WIDTH="13" HEIGHT="20" WC="0.90" CONTENT="f."/><SP WIDTH="20" VPOS="521" HPOS="754"/>
							<String ID="string_231" HPOS="774" VPOS="522" WIDTH="62" HEIGHT="24" WC="0.93" CONTENT="1807,"/><SP WIDTH="24" VPOS="522" HPOS="836"/>
							<String ID="string_232" HPOS="860" VPOS="519" WIDTH="7" HEIGHT="25" WC="0.46" CONTENT="$"/><SP WIDTH="20" VPOS="519" HPOS="867"/>
							<String ID="string_233" HPOS="887" VPOS="523" WIDTH="61" HEIGHT="20" WC="0.92" CONTENT="1871."/><SP WIDTH="33" VPOS="523" HPOS="948"/>
							<String ID="string_234" HPOS="981" VPOS="522" WIDTH="156" HEIGHT="21" WC="0.92" CONTENT="Possessionat"/><SP WIDTH="17" VPOS="522" HPOS="1137"/>
							<String ID="string_235" HPOS="1154" VPOS="522" WIDTH="30" HEIGHT="26" WC="0.93" CONTENT="pä"/><SP WIDTH="18" VPOS="522" HPOS="1184"/>
							<String ID="string_236" HPOS="1202" VPOS="523" WIDTH="117" HEIGHT="20" WC="0.92" CONTENT="Stockfors"/><SP WIDTH="18" VPOS="523" HPOS="1319"/>
							<String ID="string_237" HPOS="1337" VPOS="522" WIDTH="5" HEIGHT="20" WC="0.96" CONTENT="i"/>
						</TextLine>
						<TextLine ID="line_52" HPOS="739" VPOS="551" WIDTH="604" HEIGHT="26">
							<String ID="string_238" HPOS="739" VPOS="551" WIDTH="78" HEIGHT="26" WC="0.80" CONTENT="Pyttis."/><SP WIDTH="36" VPOS="551" HPOS="817"/>
							<String ID="string_239" HPOS="853" VPOS="552" WIDTH="196" HEIGHT="21" WC="0.82" CONTENT="Landtbruksräd."/><SP WIDTH="36" VPOS="552" HPOS="1049"/>
							<String ID="string_240" HPOS="1085" VPOS="552" WIDTH="258" HEIGHT="21" WC="0.90" CONTENT="Brännvinskontrollör"/>
						</TextLine>
						<TextLine ID="line_53" HPOS="740" VPOS="581" WIDTH="115" HEIGHT="26">
							<String ID="string_241" HPOS="740" VPOS="581" WIDTH="6" HEIGHT="20" WC="0.96" CONTENT="i"/><SP WIDTH="16" VPOS="581" HPOS="746"/>
							<String ID="string_242" HPOS="762" VPOS="581" WIDTH="93" HEIGHT="26" WC="0.96" CONTENT="Nystad."/>
						</TextLine>
						<TextLine ID="line_54" HPOS="772" VPOS="609" WIDTH="453" HEIGHT="29">
							<String ID="string_243" HPOS="772" VPOS="609" WIDTH="91" HEIGHT="28" WC="0.92" CONTENT="1863/64"/><SP WIDTH="21" VPOS="609" HPOS="863"/>
							<String ID="string_244" HPOS="884" VPOS="611" WIDTH="6" HEIGHT="20" WC="0.93" CONTENT="i"/><SP WIDTH="21" VPOS="611" HPOS="890"/>
							<String ID="string_245" HPOS="911" VPOS="611" WIDTH="159" HEIGHT="27" WC="0.90" CONTENT="ridderskapet"/><SP WIDTH="20" VPOS="611" HPOS="1070"/>
							<String ID="string_246" HPOS="1090" VPOS="613" WIDTH="42" HEIGHT="19" WC="0.93" CONTENT="och"/><SP WIDTH="20" VPOS="613" HPOS="1132"/>
							<String ID="string_247" HPOS="1152" VPOS="613" WIDTH="73" HEIGHT="20" WC="0.92" CONTENT="adeln."/>
						</TextLine>
						<TextLine ID="line_55" HPOS="741" VPOS="641" WIDTH="425" HEIGHT="26">
							<String ID="string_248" HPOS="741" VPOS="641" WIDTH="72" HEIGHT="20" WC="0.91" CONTENT="Ekon."/><SP WIDTH="17" VPOS="641" HPOS="813"/>
							<String ID="string_249" HPOS="830" VPOS="641" WIDTH="59" HEIGHT="20" WC="0.90" CONTENT="utsk."/><SP WIDTH="32" VPOS="641" HPOS="889"/>
							<String ID="string_250" HPOS="921" VPOS="642" WIDTH="78" HEIGHT="25" WC="0.90" CONTENT="Suppl."/><SP WIDTH="18" VPOS="642" HPOS="999"/>
							<String ID="string_251" HPOS="1017" VPOS="641" WIDTH="6" HEIGHT="21" WC="0.93" CONTENT="i"/><SP WIDTH="16" VPOS="641" HPOS="1023"/>
							<String ID="string_252" HPOS="1039" VPOS="642" WIDTH="127" HEIGHT="20" WC="0.92" CONTENT="Bankutsk."/>
						</TextLine>
						<TextLine ID="line_56" HPOS="772" VPOS="671" WIDTH="394" HEIGHT="26">
							<String ID="string_253" HPOS="772" VPOS="671" WIDTH="53" HEIGHT="20" WC="0.96" CONTENT="1867"/><SP WIDTH="16" VPOS="671" HPOS="825"/>
							<String ID="string_254" HPOS="841" VPOS="671" WIDTH="6" HEIGHT="20" WC="0.93" CONTENT="i"/><SP WIDTH="15" VPOS="671" HPOS="847"/>
							<String ID="string_255" HPOS="862" VPOS="671" WIDTH="159" HEIGHT="26" WC="0.91" CONTENT="ridderskapet"/><SP WIDTH="14" VPOS="671" HPOS="1021"/>
							<String ID="string_256" HPOS="1035" VPOS="672" WIDTH="43" HEIGHT="20" WC="0.93" CONTENT="och"/><SP WIDTH="15" VPOS="672" HPOS="1078"/>
							<String ID="string_257" HPOS="1093" VPOS="672" WIDTH="73" HEIGHT="21" WC="0.92" CONTENT="adeln."/>
						</TextLine>
						<TextLine ID="line_57" HPOS="741" VPOS="701" WIDTH="207" HEIGHT="20">
							<String ID="string_258" HPOS="741" VPOS="701" WIDTH="42" HEIGHT="20" WC="0.93" CONTENT="och"/><SP WIDTH="16" VPOS="701" HPOS="783"/>
							<String ID="string_259" HPOS="799" VPOS="701" WIDTH="73" HEIGHT="20" WC="0.93" CONTENT="Ekon."/><SP WIDTH="17" VPOS="701" HPOS="872"/>
							<String ID="string_260" HPOS="889" VPOS="701" WIDTH="59" HEIGHT="20" WC="0.90" CONTENT="utsk."/>
						</TextLine>
					</TextBlock>
				</ComposedBlock>
				<ComposedBlock ID="cblock_23" HPOS="1197" VPOS="672" WIDTH="145" HEIGHT="25">
					<TextBlock ID="block_30" HPOS="1197" VPOS="672" WIDTH="145" HEIGHT="25">
						<TextLine ID="line_58" HPOS="1197" VPOS="672" WIDTH="145" HEIGHT="25">
							<String ID="string_261" HPOS="1197" VPOS="672" WIDTH="53" HEIGHT="21" WC="0.91" CONTENT="Led."/><SP WIDTH="16" VPOS="672" HPOS="1250"/>
							<String ID="string_262" HPOS="1266" VPOS="672" WIDTH="6" HEIGHT="20" WC="0.91" CONTENT="i"/><SP WIDTH="15" VPOS="672" HPOS="1272"/>
							<String ID="string_263" HPOS="1287" VPOS="672" WIDTH="55" HEIGHT="25" WC="0.92" CONTENT="Lag-"/>
						</TextLine>
					</TextBlock>
				</ComposedBlock>
				<ComposedBlock ID="cblock_24" HPOS="738" VPOS="756" WIDTH="363" HEIGHT="29">
					<TextBlock ID="block_31" HPOS="738" VPOS="756" WIDTH="363" HEIGHT="29">
						<TextLine ID="line_59" HPOS="738" VPOS="756" WIDTH="363" HEIGHT="29">
							<String ID="string_264" HPOS="738" VPOS="756" WIDTH="144" HEIGHT="27" WC="0.95" CONTENT="Schauman,"/><SP WIDTH="16" VPOS="756" HPOS="882"/>
							<String ID="string_265" HPOS="898" VPOS="757" WIDTH="93" HEIGHT="28" WC="0.96" CONTENT="August"/><SP WIDTH="16" VPOS="757" HPOS="991"/>
							<String ID="string_266" HPOS="1007" VPOS="757" WIDTH="94" HEIGHT="28" WC="0.96" CONTENT="Mikael,"/>
						</TextLine>
					</TextBlock>
				</ComposedBlock>
				<ComposedBlock ID="cblock_25" HPOS="740" VPOS="795" WIDTH="603" HEIGHT="170">
					<TextBlock ID="block_32" HPOS="740" VPOS="795" WIDTH="603" HEIGHT="52">
						<TextLine ID="line_60" HPOS="740" VPOS="795" WIDTH="603" HEIGHT="28">
							<String ID="string_267" HPOS="740" VPOS="795" WIDTH="15" HEIGHT="21" WC="0.84" CONTENT="f."/><SP WIDTH="15" VPOS="795" HPOS="755"/>
							<String ID="string_268" HPOS="770" VPOS="797" WIDTH="61" HEIGHT="19" WC="0.93" CONTENT="1852."/><SP WIDTH="27" VPOS="797" HPOS="831"/>
							<String ID="string_269" HPOS="858" VPOS="796" WIDTH="188" HEIGHT="21" WC="0.91" CONTENT="Justitierädman"/><SP WIDTH="13" VPOS="796" HPOS="1046"/>
							<String ID="string_270" HPOS="1059" VPOS="797" WIDTH="6" HEIGHT="21" WC="0.93" CONTENT="i"/><SP WIDTH="13" VPOS="797" HPOS="1065"/>
							<String ID="string_271" HPOS="1078" VPOS="797" WIDTH="79" HEIGHT="26" WC="0.96" CONTENT="Borgå."/><SP WIDTH="27" VPOS="797" HPOS="1157"/>
							<String ID="string_272" HPOS="1184" VPOS="797" WIDTH="159" HEIGHT="26" WC="0.96" CONTENT="Borgmästare"/>
						</TextLine>
						<TextLine ID="line_61" HPOS="740" VPOS="826" WIDTH="428" HEIGHT="21">
							<String ID="string_273" HPOS="740" VPOS="826" WIDTH="40" HEIGHT="19" WC="0.91" CONTENT="där"/><SP WIDTH="18" VPOS="826" HPOS="780"/>
							<String ID="string_274" HPOS="798" VPOS="826" WIDTH="143" HEIGHT="21" WC="0.85" CONTENT="1895—1903"/><SP WIDTH="17" VPOS="826" HPOS="941"/>
							<String ID="string_275" HPOS="958" VPOS="827" WIDTH="42" HEIGHT="20" WC="0.93" CONTENT="och"/><SP WIDTH="18" VPOS="827" HPOS="1000"/>
							<String ID="string_276" HPOS="1018" VPOS="827" WIDTH="150" HEIGHT="20" WC="0.92" CONTENT="1906—1915."/>
						</TextLine>
					</TextBlock>
					<TextBlock ID="block_33" HPOS="741" VPOS="855" WIDTH="601" HEIGHT="56">
						<TextLine ID="line_62" HPOS="772" VPOS="855" WIDTH="570" HEIGHT="27">
							<String ID="string_277" HPOS="772" VPOS="856" WIDTH="54" HEIGHT="20" WC="0.96" CONTENT="1885"/><SP WIDTH="13" VPOS="856" HPOS="826"/>
							<String ID="string_278" HPOS="839" VPOS="855" WIDTH="7" HEIGHT="21" WC="0.93" CONTENT="i"/><SP WIDTH="10" VPOS="855" HPOS="846"/>
							<String ID="string_279" HPOS="856" VPOS="855" WIDTH="158" HEIGHT="27" WC="0.91" CONTENT="ridderskapet"/><SP WIDTH="11" VPOS="855" HPOS="1014"/>
							<String ID="string_280" HPOS="1025" VPOS="857" WIDTH="42" HEIGHT="20" WC="0.93" CONTENT="och"/><SP WIDTH="12" VPOS="857" HPOS="1067"/>
							<String ID="string_281" HPOS="1079" VPOS="857" WIDTH="73" HEIGHT="20" WC="0.91" CONTENT="adeln."/><SP WIDTH="28" VPOS="857" HPOS="1152"/>
							<String ID="string_282" HPOS="1180" VPOS="857" WIDTH="78" HEIGHT="25" WC="0.89" CONTENT="Suppl."/><SP WIDTH="12" VPOS="857" HPOS="1258"/>
							<String ID="string_283" HPOS="1270" VPOS="856" WIDTH="6" HEIGHT="21" WC="0.89" CONTENT="i"/><SP WIDTH="11" VPOS="856" HPOS="1276"/>
							<String ID="string_284" HPOS="1287" VPOS="857" WIDTH="55" HEIGHT="24" WC="0.89" CONTENT="Lag-"/>
						</TextLine>
						<TextLine ID="line_63" HPOS="741" VPOS="882" WIDTH="518" HEIGHT="29">
							<String ID="string_285" HPOS="741" VPOS="885" WIDTH="58" HEIGHT="20" WC="0.92" CONTENT="utsk."/><SP WIDTH="19" VPOS="885" HPOS="799"/>
							<String ID="string_286" HPOS="818" VPOS="882" WIDTH="36" HEIGHT="27" WC="0.96" CONTENT="(fr."/><SP WIDTH="16" VPOS="882" HPOS="854"/>
							<String ID="string_287" HPOS="870" VPOS="886" WIDTH="26" HEIGHT="19" WC="0.92" CONTENT="10"/><SP WIDTH="12" VPOS="886" HPOS="896"/>
							<String ID="string_288" HPOS="908" VPOS="883" WIDTH="57" HEIGHT="28" WC="0.91" CONTENT="apr.)"/><SP WIDTH="18" VPOS="883" HPOS="965"/>
							<String ID="string_289" HPOS="983" VPOS="886" WIDTH="44" HEIGHT="20" WC="0.96" CONTENT="och"/><SP WIDTH="14" VPOS="886" HPOS="1027"/>
							<String ID="string_290" HPOS="1041" VPOS="886" WIDTH="5" HEIGHT="20" WC="0.96" CONTENT="i"/><SP WIDTH="15" VPOS="886" HPOS="1046"/>
							<String ID="string_291" HPOS="1061" VPOS="886" WIDTH="63" HEIGHT="21" WC="0.93" CONTENT="först."/><SP WIDTH="15" VPOS="886" HPOS="1124"/>
							<String ID="string_292" HPOS="1139" VPOS="886" WIDTH="120" HEIGHT="21" WC="0.91" CONTENT="Statsutsk."/>
						</TextLine>
					</TextBlock>
					<TextBlock ID="block_34" HPOS="741" VPOS="915" WIDTH="602" HEIGHT="50">
						<TextLine ID="line_64" HPOS="772" VPOS="915" WIDTH="571" HEIGHT="27">
							<String ID="string_293" HPOS="772" VPOS="916" WIDTH="54" HEIGHT="19" WC="0.95" CONTENT="1894"/><SP WIDTH="23" VPOS="916" HPOS="826"/>
							<String ID="string_294" HPOS="849" VPOS="915" WIDTH="7" HEIGHT="20" WC="0.93" CONTENT="i"/><SP WIDTH="22" VPOS="915" HPOS="856"/>
							<String ID="string_295" HPOS="878" VPOS="915" WIDTH="158" HEIGHT="26" WC="0.96" CONTENT="ridderskapet"/><SP WIDTH="23" VPOS="915" HPOS="1036"/>
							<String ID="string_296" HPOS="1059" VPOS="916" WIDTH="42" HEIGHT="20" WC="0.93" CONTENT="och"/><SP WIDTH="23" VPOS="916" HPOS="1101"/>
							<String ID="string_297" HPOS="1124" VPOS="917" WIDTH="72" HEIGHT="20" WC="0.94" CONTENT="adeln."/><SP WIDTH="40" VPOS="917" HPOS="1196"/>
							<String ID="string_298" HPOS="1236" VPOS="916" WIDTH="78" HEIGHT="26" WC="0.71" CONTENT="Suppl"/><SP WIDTH="22" VPOS="916" HPOS="1314"/>
							<String ID="string_299" HPOS="1336" VPOS="915" WIDTH="7" HEIGHT="20" WC="0.96" CONTENT="i"/>
						</TextLine>
						<TextLine ID="line_65" HPOS="741" VPOS="944" WIDTH="149" HEIGHT="21">
							<String ID="string_300" HPOS="741" VPOS="944" WIDTH="72" HEIGHT="21" WC="0.90" CONTENT="Ekon."/><SP WIDTH="18" VPOS="944" HPOS="813"/>
							<String ID="string_301" HPOS="831" VPOS="945" WIDTH="59" HEIGHT="20" WC="0.91" CONTENT="utsk."/>
						</TextLine>
					</TextBlock>
				</ComposedBlock>
				<ComposedBlock ID="cblock_26" HPOS="739" VPOS="1000" WIDTH="606" HEIGHT="454">
					<TextBlock ID="block_35" HPOS="739" VPOS="1000" WIDTH="606" HEIGHT="57">
						<TextLine ID="line_66" HPOS="739" VPOS="1000" WIDTH="606" HEIGHT="29">
							<String ID="string_302" HPOS="739" VPOS="1000" WIDTH="142" HEIGHT="27" WC="0.96" CONTENT="Schauman,"/><SP WIDTH="16" VPOS="1000" HPOS="881"/>
							<String ID="string_303" HPOS="897" VPOS="1001" WIDTH="91" HEIGHT="22" WC="0.96" CONTENT="Berndt"/><SP WIDTH="16" VPOS="1001" HPOS="988"/>
							<String ID="string_304" HPOS="1004" VPOS="1001" WIDTH="84" HEIGHT="22" WC="0.96" CONTENT="Gustaf"/><SP WIDTH="11" VPOS="1001" HPOS="1088"/>
							<String ID="string_305" HPOS="1099" VPOS="1001" WIDTH="62" HEIGHT="24" WC="0.96" CONTENT="Knut"/><SP WIDTH="11" VPOS="1001" HPOS="1161"/>
							<String ID="string_306" HPOS="1172" VPOS="1001" WIDTH="72" HEIGHT="28" WC="0.93" CONTENT="Björn"/><SP WIDTH="8" VPOS="1001" HPOS="1244"/>
							<String ID="string_307" HPOS="1252" VPOS="1001" WIDTH="93" HEIGHT="23" WC="0.92" CONTENT="Walde-"/>
						</TextLine>
						<TextLine ID="line_67" HPOS="798" VPOS="1036" WIDTH="60" HEIGHT="21">
							<String ID="string_308" HPOS="798" VPOS="1036" WIDTH="60" HEIGHT="21" WC="0.96" CONTENT="mar,"/>
						</TextLine>
					</TextBlock>
					<TextBlock ID="block_36" HPOS="742" VPOS="1067" WIDTH="602" HEIGHT="29">
						<TextLine ID="line_68" HPOS="742" VPOS="1067" WIDTH="602" HEIGHT="29">
							<String ID="string_309" HPOS="742" VPOS="1069" WIDTH="14" HEIGHT="21" WC="0.85" CONTENT="f."/><SP WIDTH="15" VPOS="1069" HPOS="756"/>
							<String ID="string_310" HPOS="771" VPOS="1071" WIDTH="61" HEIGHT="23" WC="0.95" CONTENT="1857,"/><SP WIDTH="22" VPOS="1071" HPOS="832"/>
							<String ID="string_311" HPOS="854" VPOS="1067" WIDTH="6" HEIGHT="25" WC="0.50" CONTENT="t"/><SP WIDTH="14" VPOS="1067" HPOS="860"/>
							<String ID="string_312" HPOS="874" VPOS="1071" WIDTH="62" HEIGHT="20" WC="0.90" CONTENT="1914."/><SP WIDTH="29" VPOS="1071" HPOS="936"/>
							<String ID="string_313" HPOS="965" VPOS="1071" WIDTH="158" HEIGHT="25" WC="0.95" CONTENT="Borgmästare"/><SP WIDTH="12" VPOS="1071" HPOS="1123"/>
							<String ID="string_314" HPOS="1135" VPOS="1070" WIDTH="6" HEIGHT="21" WC="0.96" CONTENT="i"/><SP WIDTH="13" VPOS="1070" HPOS="1141"/>
							<String ID="string_315" HPOS="1154" VPOS="1071" WIDTH="90" HEIGHT="20" WC="0.93" CONTENT="Ekenäs"/><SP WIDTH="15" VPOS="1071" HPOS="1244"/>
							<String ID="string_316" HPOS="1259" VPOS="1071" WIDTH="85" HEIGHT="20" WC="0.92" CONTENT="1889—"/>
						</TextLine>
					</TextBlock>
					<TextBlock ID="block_37" HPOS="743" VPOS="1100" WIDTH="278" HEIGHT="21">
						<TextLine ID="line_69" HPOS="743" VPOS="1100" WIDTH="278" HEIGHT="21">
							<String ID="string_317" HPOS="743" VPOS="1100" WIDTH="55" HEIGHT="20" WC="0.96" CONTENT="1903"/><SP WIDTH="14" VPOS="1100" HPOS="798"/>
							<String ID="string_318" HPOS="812" VPOS="1100" WIDTH="42" HEIGHT="20" WC="0.93" CONTENT="och"/><SP WIDTH="16" VPOS="1100" HPOS="854"/>
							<String ID="string_319" HPOS="870" VPOS="1100" WIDTH="151" HEIGHT="21" WC="0.91" CONTENT="1905—1907."/>
						</TextLine>
					</TextBlock>
					<TextBlock ID="block_38" HPOS="742" VPOS="1127" WIDTH="602" HEIGHT="56">
						<TextLine ID="line_70" HPOS="773" VPOS="1127" WIDTH="571" HEIGHT="28">
							<String ID="string_320" HPOS="773" VPOS="1130" WIDTH="52" HEIGHT="20" WC="0.96" CONTENT="1891"/><SP WIDTH="19" VPOS="1130" HPOS="825"/>
							<String ID="string_321" HPOS="844" VPOS="1129" WIDTH="6" HEIGHT="20" WC="0.93" CONTENT="i"/><SP WIDTH="16" VPOS="1129" HPOS="850"/>
							<String ID="string_322" HPOS="866" VPOS="1129" WIDTH="157" HEIGHT="26" WC="0.91" CONTENT="ridderskapet"/><SP WIDTH="16" VPOS="1129" HPOS="1023"/>
							<String ID="string_323" HPOS="1039" VPOS="1131" WIDTH="43" HEIGHT="19" WC="0.93" CONTENT="och"/><SP WIDTH="16" VPOS="1131" HPOS="1082"/>
							<String ID="string_324" HPOS="1098" VPOS="1131" WIDTH="66" HEIGHT="20" WC="0.93" CONTENT="adeln"/><SP WIDTH="20" VPOS="1131" HPOS="1164"/>
							<String ID="string_325" HPOS="1184" VPOS="1127" WIDTH="44" HEIGHT="27" WC="0.93" CONTENT="(för"/><SP WIDTH="16" VPOS="1127" HPOS="1228"/>
							<String ID="string_326" HPOS="1244" VPOS="1131" WIDTH="61" HEIGHT="20" WC="0.92" CONTENT="ätten"/><SP WIDTH="16" VPOS="1131" HPOS="1305"/>
							<String ID="string_327" HPOS="1321" VPOS="1129" WIDTH="23" HEIGHT="21" WC="0.97" CONTENT="af"/>
						</TextLine>
						<TextLine ID="line_71" HPOS="742" VPOS="1156" WIDTH="114" HEIGHT="27">
							<String ID="string_328" HPOS="742" VPOS="1156" WIDTH="114" HEIGHT="27" WC="0.95" CONTENT="Heurlin)."/>
						</TextLine>
					</TextBlock>
					<TextBlock ID="block_39" HPOS="742" VPOS="1187" WIDTH="601" HEIGHT="88">
						<TextLine ID="line_72" HPOS="772" VPOS="1187" WIDTH="571" HEIGHT="28">
							<String ID="string_329" HPOS="772" VPOS="1189" WIDTH="55" HEIGHT="21" WC="0.96" CONTENT="1894"/><SP WIDTH="23" VPOS="1189" HPOS="827"/>
							<String ID="string_330" HPOS="850" VPOS="1189" WIDTH="6" HEIGHT="20" WC="0.93" CONTENT="i"/><SP WIDTH="22" VPOS="1189" HPOS="856"/>
							<String ID="string_331" HPOS="878" VPOS="1189" WIDTH="158" HEIGHT="26" WC="0.92" CONTENT="ridderskapet"/><SP WIDTH="23" VPOS="1189" HPOS="1036"/>
							<String ID="string_332" HPOS="1059" VPOS="1190" WIDTH="42" HEIGHT="20" WC="0.93" CONTENT="och"/><SP WIDTH="23" VPOS="1190" HPOS="1101"/>
							<String ID="string_333" HPOS="1124" VPOS="1190" WIDTH="67" HEIGHT="20" WC="0.91" CONTENT="adeln"/><SP WIDTH="25" VPOS="1190" HPOS="1191"/>
							<String ID="string_334" HPOS="1216" VPOS="1187" WIDTH="44" HEIGHT="27" WC="0.92" CONTENT="(för"/><SP WIDTH="22" VPOS="1187" HPOS="1260"/>
							<String ID="string_335" HPOS="1282" VPOS="1191" WIDTH="61" HEIGHT="19" WC="0.92" CONTENT="ätten"/>
						</TextLine>
						<TextLine ID="line_73" HPOS="742" VPOS="1219" WIDTH="600" HEIGHT="26">
							<String ID="string_336" HPOS="742" VPOS="1219" WIDTH="133" HEIGHT="20" WC="0.96" CONTENT="Bruncrona"/><SP WIDTH="21" VPOS="1219" HPOS="875"/>
							<String ID="string_337" HPOS="896" VPOS="1219" WIDTH="27" HEIGHT="20" WC="0.96" CONTENT="fr."/><SP WIDTH="23" VPOS="1219" HPOS="923"/>
							<String ID="string_338" HPOS="946" VPOS="1220" WIDTH="26" HEIGHT="19" WC="0.96" CONTENT="13"/><SP WIDTH="21" VPOS="1220" HPOS="972"/>
							<String ID="string_339" HPOS="993" VPOS="1219" WIDTH="34" HEIGHT="20" WC="0.96" CONTENT="till"/><SP WIDTH="20" VPOS="1219" HPOS="1027"/>
							<String ID="string_340" HPOS="1047" VPOS="1221" WIDTH="24" HEIGHT="19" WC="0.93" CONTENT="21"/><SP WIDTH="24" VPOS="1221" HPOS="1071"/>
							<String ID="string_341" HPOS="1095" VPOS="1226" WIDTH="46" HEIGHT="19" WC="0.92" CONTENT="apr."/><SP WIDTH="22" VPOS="1226" HPOS="1141"/>
							<String ID="string_342" HPOS="1163" VPOS="1220" WIDTH="42" HEIGHT="20" WC="0.95" CONTENT="och"/><SP WIDTH="21" VPOS="1220" HPOS="1205"/>
							<String ID="string_343" HPOS="1226" VPOS="1219" WIDTH="36" HEIGHT="21" WC="0.93" CONTENT="för"/><SP WIDTH="20" VPOS="1219" HPOS="1262"/>
							<String ID="string_344" HPOS="1282" VPOS="1221" WIDTH="60" HEIGHT="19" WC="0.92" CONTENT="ätten"/>
						</TextLine>
						<TextLine ID="line_74" HPOS="742" VPOS="1246" WIDTH="268" HEIGHT="29">
							<String ID="string_345" HPOS="742" VPOS="1248" WIDTH="90" HEIGHT="21" WC="0.96" CONTENT="Ekbom"/><SP WIDTH="19" VPOS="1248" HPOS="832"/>
							<String ID="string_346" HPOS="851" VPOS="1249" WIDTH="27" HEIGHT="20" WC="0.96" CONTENT="fr."/><SP WIDTH="19" VPOS="1249" HPOS="878"/>
							<String ID="string_347" HPOS="897" VPOS="1249" WIDTH="27" HEIGHT="20" WC="0.93" CONTENT="24"/><SP WIDTH="19" VPOS="1249" HPOS="924"/>
							<String ID="string_348" HPOS="943" VPOS="1246" WIDTH="67" HEIGHT="29" WC="0.90" CONTENT="apr.)."/>
						</TextLine>
					</TextBlock>
					<TextBlock ID="block_40" HPOS="742" VPOS="1277" WIDTH="601" HEIGHT="55">
						<TextLine ID="line_75" HPOS="772" VPOS="1277" WIDTH="571" HEIGHT="28">
							<String ID="string_349" HPOS="772" VPOS="1279" WIDTH="56" HEIGHT="20" WC="0.95" CONTENT="1899"/><SP WIDTH="23" VPOS="1279" HPOS="828"/>
							<String ID="string_350" HPOS="851" VPOS="1279" WIDTH="5" HEIGHT="20" WC="0.93" CONTENT="i"/><SP WIDTH="23" VPOS="1279" HPOS="856"/>
							<String ID="string_351" HPOS="879" VPOS="1278" WIDTH="158" HEIGHT="27" WC="0.92" CONTENT="ridderskapet"/><SP WIDTH="23" VPOS="1278" HPOS="1037"/>
							<String ID="string_352" HPOS="1060" VPOS="1280" WIDTH="42" HEIGHT="19" WC="0.93" CONTENT="och"/><SP WIDTH="23" VPOS="1280" HPOS="1102"/>
							<String ID="string_353" HPOS="1125" VPOS="1279" WIDTH="65" HEIGHT="21" WC="0.92" CONTENT="adeln"/><SP WIDTH="26" VPOS="1279" HPOS="1190"/>
							<String ID="string_354" HPOS="1216" VPOS="1277" WIDTH="44" HEIGHT="26" WC="0.92" CONTENT="(för"/><SP WIDTH="22" VPOS="1277" HPOS="1260"/>
							<String ID="string_355" HPOS="1282" VPOS="1280" WIDTH="61" HEIGHT="19" WC="0.92" CONTENT="ätten"/>
						</TextLine>
						<TextLine ID="line_76" HPOS="742" VPOS="1305" WIDTH="109" HEIGHT="27">
							<String ID="string_356" HPOS="742" VPOS="1305" WIDTH="109" HEIGHT="27" WC="0.91" CONTENT="Fkbom)."/>
						</TextLine>
					</TextBlock>
					<TextBlock ID="block_41" HPOS="741" VPOS="1336" WIDTH="603" HEIGHT="87">
						<TextLine ID="line_77" HPOS="772" VPOS="1336" WIDTH="571" HEIGHT="29">
							<String ID="string_357" HPOS="772" VPOS="1336" WIDTH="92" HEIGHT="26" WC="0.91" CONTENT="1904/05"/><SP WIDTH="18" VPOS="1336" HPOS="864"/>
							<String ID="string_358" HPOS="882" VPOS="1338" WIDTH="6" HEIGHT="20" WC="0.93" CONTENT="i"/><SP WIDTH="17" VPOS="1338" HPOS="888"/>
							<String ID="string_359" HPOS="905" VPOS="1338" WIDTH="159" HEIGHT="27" WC="0.90" CONTENT="ridderskapet"/><SP WIDTH="17" VPOS="1338" HPOS="1064"/>
							<String ID="string_360" HPOS="1081" VPOS="1339" WIDTH="43" HEIGHT="20" WC="0.93" CONTENT="och"/><SP WIDTH="17" VPOS="1339" HPOS="1124"/>
							<String ID="string_361" HPOS="1141" VPOS="1339" WIDTH="66" HEIGHT="20" WC="0.92" CONTENT="adeln"/><SP WIDTH="22" VPOS="1339" HPOS="1207"/>
							<String ID="string_362" HPOS="1229" VPOS="1336" WIDTH="43" HEIGHT="26" WC="0.93" CONTENT="(för"/><SP WIDTH="19" VPOS="1336" HPOS="1272"/>
							<String ID="string_363" HPOS="1291" VPOS="1338" WIDTH="52" HEIGHT="21" WC="0.92" CONTENT="frih."/>
						</TextLine>
						<TextLine ID="line_78" HPOS="741" VPOS="1365" WIDTH="603" HEIGHT="29">
							<String ID="string_364" HPOS="741" VPOS="1368" WIDTH="60" HEIGHT="20" WC="0.92" CONTENT="ätten"/><SP WIDTH="16" VPOS="1368" HPOS="801"/>
							<String ID="string_365" HPOS="817" VPOS="1365" WIDTH="124" HEIGHT="28" WC="0.90" CONTENT="Hisinger)."/><SP WIDTH="30" VPOS="1365" HPOS="941"/>
							<String ID="string_366" HPOS="971" VPOS="1368" WIDTH="78" HEIGHT="26" WC="0.76" CONTENT="Suppl"/><SP WIDTH="15" VPOS="1368" HPOS="1049"/>
							<String ID="string_367" HPOS="1064" VPOS="1369" WIDTH="6" HEIGHT="20" WC="0.73" CONTENT="i"/><SP WIDTH="15" VPOS="1369" HPOS="1070"/>
							<String ID="string_368" HPOS="1085" VPOS="1369" WIDTH="106" HEIGHT="25" WC="0.92" CONTENT="Lagutsk."/><SP WIDTH="15" VPOS="1369" HPOS="1191"/>
							<String ID="string_369" HPOS="1206" VPOS="1369" WIDTH="43" HEIGHT="20" WC="0.96" CONTENT="och"/><SP WIDTH="17" VPOS="1369" HPOS="1249"/>
							<String ID="string_370" HPOS="1266" VPOS="1366" WIDTH="36" HEIGHT="26" WC="0.96" CONTENT="(fr."/><SP WIDTH="16" VPOS="1366" HPOS="1302"/>
							<String ID="string_371" HPOS="1318" VPOS="1369" WIDTH="26" HEIGHT="20" WC="0.96" CONTENT="15"/>
						</TextLine>
						<TextLine ID="line_79" HPOS="742" VPOS="1395" WIDTH="307" HEIGHT="28">
							<String ID="string_372" HPOS="742" VPOS="1402" WIDTH="47" HEIGHT="20" WC="0.88" CONTENT="apr."/><SP WIDTH="20" VPOS="1402" HPOS="789"/>
							<String ID="string_373" HPOS="809" VPOS="1395" WIDTH="63" HEIGHT="27" WC="0.96" CONTENT="1905)"/><SP WIDTH="21" VPOS="1395" HPOS="872"/>
							<String ID="string_374" HPOS="893" VPOS="1397" WIDTH="6" HEIGHT="21" WC="0.94" CONTENT="i"/><SP WIDTH="17" VPOS="1397" HPOS="899"/>
							<String ID="string_375" HPOS="916" VPOS="1398" WIDTH="56" HEIGHT="25" WC="0.93" CONTENT="Exp."/><SP WIDTH="18" VPOS="1398" HPOS="972"/>
							<String ID="string_376" HPOS="990" VPOS="1398" WIDTH="59" HEIGHT="20" WC="0.93" CONTENT="utsk."/>
						</TextLine>
					</TextBlock>
					<TextBlock ID="block_42" HPOS="773" VPOS="1425" WIDTH="571" HEIGHT="29">
						<TextLine ID="line_80" HPOS="773" VPOS="1425" WIDTH="571" HEIGHT="29">
							<String ID="string_377" HPOS="773" VPOS="1425" WIDTH="91" HEIGHT="26" WC="0.91" CONTENT="1905/06"/><SP WIDTH="16" VPOS="1425" HPOS="864"/>
							<String ID="string_378" HPOS="880" VPOS="1427" WIDTH="6" HEIGHT="20" WC="0.93" CONTENT="i"/><SP WIDTH="17" VPOS="1427" HPOS="886"/>
							<String ID="string_379" HPOS="903" VPOS="1427" WIDTH="159" HEIGHT="27" WC="0.91" CONTENT="ridderskapet"/><SP WIDTH="15" VPOS="1427" HPOS="1062"/>
							<String ID="string_380" HPOS="1077" VPOS="1428" WIDTH="43" HEIGHT="20" WC="0.93" CONTENT="och"/><SP WIDTH="17" VPOS="1428" HPOS="1120"/>
							<String ID="string_381" HPOS="1137" VPOS="1428" WIDTH="66" HEIGHT="20" WC="0.92" CONTENT="adeln"/><SP WIDTH="20" VPOS="1428" HPOS="1203"/>
							<String ID="string_382" HPOS="1223" VPOS="1425" WIDTH="44" HEIGHT="26" WC="0.93" CONTENT="(för"/><SP WIDTH="17" VPOS="1425" HPOS="1267"/>
							<String ID="string_383" HPOS="1284" VPOS="1428" WIDTH="60" HEIGHT="20" WC="0.93" CONTENT="ätten"/>
						</TextLine>
					</TextBlock>
				</ComposedBlock>
				<ComposedBlock ID="cblock_27" HPOS="742" VPOS="1452" WIDTH="602" HEIGHT="84">
					<TextBlock ID="block_43" HPOS="742" VPOS="1452" WIDTH="602" HEIGHT="84">
						<TextLine ID="line_81" HPOS="742" VPOS="1452" WIDTH="599" HEIGHT="31">
							<String ID="string_384" HPOS="742" VPOS="1452" WIDTH="66" HEIGHT="28" WC="0.89" CONTENT="Örn)."/><SP WIDTH="30" VPOS="1452" HPOS="808"/>
							<String ID="string_385" HPOS="838" VPOS="1456" WIDTH="100" HEIGHT="21" WC="0.90" CONTENT="Elektor."/><SP WIDTH="31" VPOS="1456" HPOS="938"/>
							<String ID="string_386" HPOS="969" VPOS="1457" WIDTH="78" HEIGHT="26" WC="0.89" CONTENT="Suppl."/><SP WIDTH="14" VPOS="1457" HPOS="1047"/>
							<String ID="string_387" HPOS="1061" VPOS="1458" WIDTH="42" HEIGHT="20" WC="0.96" CONTENT="och"/><SP WIDTH="18" VPOS="1458" HPOS="1103"/>
							<String ID="string_388" HPOS="1121" VPOS="1455" WIDTH="35" HEIGHT="26" WC="0.96" CONTENT="(fr."/><SP WIDTH="16" VPOS="1455" HPOS="1156"/>
							<String ID="string_389" HPOS="1172" VPOS="1458" WIDTH="25" HEIGHT="20" WC="0.96" CONTENT="15"/><SP WIDTH="14" VPOS="1458" HPOS="1197"/>
							<String ID="string_390" HPOS="1211" VPOS="1458" WIDTH="50" HEIGHT="25" WC="0.96" CONTENT="juni"/><SP WIDTH="17" VPOS="1458" HPOS="1261"/>
							<String ID="string_391" HPOS="1278" VPOS="1454" WIDTH="63" HEIGHT="27" WC="0.96" CONTENT="1906)"/>
						</TextLine>
						<TextLine ID="line_82" HPOS="742" VPOS="1486" WIDTH="602" HEIGHT="27">
							<String ID="string_392" HPOS="742" VPOS="1486" WIDTH="42" HEIGHT="20" WC="0.95" CONTENT="led."/><SP WIDTH="16" VPOS="1486" HPOS="784"/>
							<String ID="string_393" HPOS="800" VPOS="1486" WIDTH="5" HEIGHT="20" WC="0.93" CONTENT="i"/><SP WIDTH="17" VPOS="1486" HPOS="805"/>
							<String ID="string_394" HPOS="822" VPOS="1486" WIDTH="107" HEIGHT="26" WC="0.91" CONTENT="Lagutsk."/><SP WIDTH="31" VPOS="1486" HPOS="929"/>
							<String ID="string_395" HPOS="960" VPOS="1486" WIDTH="53" HEIGHT="22" WC="0.59" CONTENT="Led."/><SP WIDTH="17" VPOS="1486" HPOS="1013"/>
							<String ID="string_396" HPOS="1030" VPOS="1489" WIDTH="6" HEIGHT="19" WC="0.59" CONTENT="i"/><SP WIDTH="17" VPOS="1489" HPOS="1036"/>
							<String ID="string_397" HPOS="1053" VPOS="1488" WIDTH="56" HEIGHT="25" WC="0.93" CONTENT="Exp."/><SP WIDTH="15" VPOS="1488" HPOS="1109"/>
							<String ID="string_398" HPOS="1124" VPOS="1488" WIDTH="59" HEIGHT="20" WC="0.92" CONTENT="utsk."/><SP WIDTH="17" VPOS="1488" HPOS="1183"/>
							<String ID="string_399" HPOS="1200" VPOS="1488" WIDTH="42" HEIGHT="20" WC="0.96" CONTENT="och"/><SP WIDTH="6" VPOS="1488" HPOS="1242"/>
							<String ID="string_400" HPOS="1248" VPOS="1482" WIDTH="12" HEIGHT="36" WC="0.96" CONTENT="i"/><SP WIDTH="21" VPOS="1482" HPOS="1260"/>
							<String ID="string_401" HPOS="1281" VPOS="1487" WIDTH="63" HEIGHT="20" WC="0.96" CONTENT="först."/>
						</TextLine>
						<TextLine ID="line_83" HPOS="742" VPOS="1516" WIDTH="132" HEIGHT="20">
							<String ID="string_402" HPOS="742" VPOS="1516" WIDTH="52" HEIGHT="20" WC="0.89" CONTENT="Bev."/><SP WIDTH="21" VPOS="1516" HPOS="794"/>
							<String ID="string_403" HPOS="815" VPOS="1516" WIDTH="59" HEIGHT="20" WC="0.92" CONTENT="utsk."/>
						</TextLine>
					</TextBlock>
				</ComposedBlock>
				<ComposedBlock ID="cblock_28" HPOS="740" VPOS="1566" WIDTH="332" HEIGHT="27">
					<TextBlock ID="block_44" HPOS="740" VPOS="1566" WIDTH="332" HEIGHT="27">
						<TextLine ID="line_84" HPOS="740" VPOS="1566" WIDTH="332" HEIGHT="27">
							<String ID="string_404" HPOS="740" VPOS="1566" WIDTH="143" HEIGHT="27" WC="0.96" CONTENT="Schauman,"/><SP WIDTH="17" VPOS="1566" HPOS="883"/>
							<String ID="string_405" HPOS="900" VPOS="1566" WIDTH="90" HEIGHT="22" WC="0.96" CONTENT="Berndt"/><SP WIDTH="16" VPOS="1566" HPOS="990"/>
							<String ID="string_406" HPOS="1006" VPOS="1566" WIDTH="66" HEIGHT="27" WC="0.96" CONTENT="Otto,"/>
						</TextLine>
					</TextBlock>
				</ComposedBlock>
				<ComposedBlock ID="cblock_29" HPOS="741" VPOS="1602" WIDTH="603" HEIGHT="147">
					<TextBlock ID="block_45" HPOS="741" VPOS="1602" WIDTH="603" HEIGHT="88">
						<TextLine ID="line_85" HPOS="743" VPOS="1602" WIDTH="601" HEIGHT="27">
							<String ID="string_407" HPOS="743" VPOS="1604" WIDTH="14" HEIGHT="20" WC="0.89" CONTENT="f."/><SP WIDTH="23" VPOS="1604" HPOS="757"/>
							<String ID="string_408" HPOS="780" VPOS="1605" WIDTH="62" HEIGHT="24" WC="0.93" CONTENT="1821,"/><SP WIDTH="59" VPOS="1605" HPOS="842"/>
							<String ID="string_409" HPOS="901" VPOS="1606" WIDTH="62" HEIGHT="20" WC="0.93" CONTENT="1895."/><SP WIDTH="18" VPOS="1606" HPOS="963"/>
							<String ID="string_410" HPOS="981" VPOS="1605" WIDTH="131" HEIGHT="21" WC="0.92" CONTENT="Amanuens"/><SP WIDTH="21" VPOS="1605" HPOS="1112"/>
							<String ID="string_411" HPOS="1133" VPOS="1606" WIDTH="38" HEIGHT="20" WC="0.93" CONTENT="vid"/><SP WIDTH="21" VPOS="1606" HPOS="1171"/>
							<String ID="string_412" HPOS="1192" VPOS="1605" WIDTH="152" HEIGHT="21" WC="0.90" CONTENT="universitets-"/>
						</TextLine>
						<TextLine ID="line_86" HPOS="741" VPOS="1634" WIDTH="603" HEIGHT="22">
							<String ID="string_413" HPOS="741" VPOS="1634" WIDTH="133" HEIGHT="21" WC="0.93" CONTENT="biblioteket"/><SP WIDTH="19" VPOS="1634" HPOS="874"/>
							<String ID="string_414" HPOS="893" VPOS="1635" WIDTH="151" HEIGHT="21" WC="0.90" CONTENT="1854—1867."/><SP WIDTH="33" VPOS="1635" HPOS="1044"/>
							<String ID="string_415" HPOS="1077" VPOS="1635" WIDTH="119" HEIGHT="21" WC="0.91" CONTENT="Intendent"/><SP WIDTH="17" VPOS="1635" HPOS="1196"/>
							<String ID="string_416" HPOS="1213" VPOS="1635" WIDTH="37" HEIGHT="21" WC="0.93" CONTENT="vid"/><SP WIDTH="17" VPOS="1635" HPOS="1250"/>
							<String ID="string_417" HPOS="1267" VPOS="1635" WIDTH="77" HEIGHT="20" WC="0.92" CONTENT="konst-"/>
						</TextLine>
						<TextLine ID="line_87" HPOS="742" VPOS="1663" WIDTH="301" HEIGHT="27">
							<String ID="string_418" HPOS="742" VPOS="1663" WIDTH="133" HEIGHT="27" WC="0.91" CONTENT="föreningen"/><SP WIDTH="18" VPOS="1663" HPOS="875"/>
							<String ID="string_419" HPOS="893" VPOS="1665" WIDTH="150" HEIGHT="20" WC="0.92" CONTENT="1869—1887."/>
						</TextLine>
					</TextBlock>
					<TextBlock ID="block_46" HPOS="774" VPOS="1692" WIDTH="446" HEIGHT="28">
						<TextLine ID="line_88" HPOS="774" VPOS="1692" WIDTH="446" HEIGHT="28">
							<String ID="string_420" HPOS="774" VPOS="1692" WIDTH="91" HEIGHT="27" WC="0.92" CONTENT="1863/64"/><SP WIDTH="19" VPOS="1692" HPOS="865"/>
							<String ID="string_421" HPOS="884" VPOS="1694" WIDTH="6" HEIGHT="20" WC="0.93" CONTENT="i"/><SP WIDTH="19" VPOS="1694" HPOS="890"/>
							<String ID="string_422" HPOS="909" VPOS="1694" WIDTH="158" HEIGHT="26" WC="0.91" CONTENT="ridderskapet"/><SP WIDTH="19" VPOS="1694" HPOS="1067"/>
							<String ID="string_423" HPOS="1086" VPOS="1695" WIDTH="42" HEIGHT="20" WC="0.93" CONTENT="och"/><SP WIDTH="20" VPOS="1695" HPOS="1128"/>
							<String ID="string_424" HPOS="1148" VPOS="1695" WIDTH="72" HEIGHT="20" WC="0.92" CONTENT="adeln."/>
						</TextLine>
					</TextBlock>
					<TextBlock ID="block_47" HPOS="774" VPOS="1723" WIDTH="405" HEIGHT="26">
						<TextLine ID="line_89" HPOS="774" VPOS="1723" WIDTH="405" HEIGHT="26">
							<String ID="string_425" HPOS="774" VPOS="1724" WIDTH="54" HEIGHT="20" WC="0.96" CONTENT="1867"/><SP WIDTH="19" VPOS="1724" HPOS="828"/>
							<String ID="string_426" HPOS="847" VPOS="1723" WIDTH="6" HEIGHT="20" WC="0.93" CONTENT="i"/><SP WIDTH="18" VPOS="1723" HPOS="853"/>
							<String ID="string_427" HPOS="871" VPOS="1724" WIDTH="157" HEIGHT="25" WC="0.90" CONTENT="ridderskapet"/><SP WIDTH="18" VPOS="1724" HPOS="1028"/>
							<String ID="string_428" HPOS="1046" VPOS="1724" WIDTH="42" HEIGHT="20" WC="0.93" CONTENT="och"/><SP WIDTH="19" VPOS="1724" HPOS="1088"/>
							<String ID="string_429" HPOS="1107" VPOS="1724" WIDTH="72" HEIGHT="20" WC="0.92" CONTENT="adeln."/>
						</TextLine>
					</TextBlock>
				</ComposedBlock>
				<ComposedBlock ID="cblock_30" HPOS="1262" VPOS="598" WIDTH="98" HEIGHT="35">
					<TextBlock ID="block_48" HPOS="1262" VPOS="598" WIDTH="98" HEIGHT="35">
						<TextLine ID="line_90" HPOS="1262" VPOS="598" WIDTH="98" HEIGHT="35">
							<String ID="string_430" HPOS="1262" VPOS="613" WIDTH="53" HEIGHT="20" WC="0.95" CONTENT="Led."/><SP WIDTH="11" VPOS="613" HPOS="1315"/>
							<String ID="string_431" HPOS="1326" VPOS="594" WIDTH="12" HEIGHT="48" WC="0.66" CONTENT="i"/><SP WIDTH="21" VPOS="594" HPOS="1338"/>
							<String ID="string_432" HPOS="1359" VPOS="598" WIDTH="1" HEIGHT="7" WC="0.66" CONTENT="|"/>
						</TextLine>
					</TextBlock>
				</ComposedBlock>
				<GraphicalElement ID="cblock_31" HPOS="1359" VPOS="144" WIDTH="5" HEIGHT="1600"></GraphicalElement >
			</PrintSpace>
		</Page>
	</Layout>
</alto>
