1509 1870
666 81 155 23 Personregister.

120 151 122 23 (Stjernvall,
256 151 84 18 Fredrik
353 151 71 19 Gustaf
436 153 49 18 Otto
498 153 75 22 Selim,)

155 203 54 20 1891
221 203 6 20 i
239 203 158 26 ridderskapet
408 204 43 20 och
462 204 73 20 adeln.
555 205 100 20 Elektor.
674 205 53 20 Led.

124 232 7 19 i
142 231 55 26 Lag-
210 232 42 21 och
264 233 74 20 Ekon.
349 233 70 24 utsk.;
431 234 7 19 i
449 233 58 21 Just.
518 234 60 21 utsk.
589 234 44 21 och
645 235 6 20 i
664 235 63 20 först.

124 261 52 21 Bev.
196 262 60 21 utsk.
292 262 177 27 Ridderskapets
491 264 43 20 och
556 265 78 20 adelns
656 264 72 21 bank-

124 291 137 27 fullmäktig.

155 322 55 20 1894
233 322 6 20 i
264 321 158 27 ridderskapet
447 323 42 20 och
514 324 73 20 adeln.
627 324 100 20 Elektor.

124 350 65 21 Ordf.
204 353 8 20 i
226 351 56 26 Lag-
297 353 43 19 och
354 352 73 21 Ekon.
442 353 60 20 utsk.
519 354 65 20 2:dra
599 354 44 20 afd.
675 354 52 20 Led.

124 380 6 21 i
143 380 57 21 Just.
214 381 59 21 utsk.
290 379 42 27 (till
347 383 25 20 15
385 379 68 29 maj);
467 383 6 20 i
486 383 65 20 först.
564 383 108 26 Lagutsk.
685 384 43 20 och

123 410 7 20 i
151 410 63 21 först.
234 411 121 21 Statsutsk.
391 412 177 27 Ridderskapets
588 413 42 20 och
650 414 77 20 adelns

123 440 202 27 bankfullmäktig.

156 470 54 20 1897
222 470 6 20 i
239 470 159 27 ridderskapet
409 472 42 20 och
463 472 73 20 adeln.
556 472 100 21 Elektor.
674 474 53 19 Led.

124 499 8 20 i
149 499 56 26 Lag-
224 500 43 20 och
286 500 73 21 Ekon.
379 501 69 24 utsk.;
468 502 7 20 i
494 502 119 26 Språkpet.
633 503 70 23 utsk.;
722 502 6 20 i

123 529 57 21 Just.
198 530 60 20 utsk.
276 530 43 20 och
336 530 5 21 i
357 530 64 22 först.
439 531 120 21 Statsutsk.
592 532 135 21 Ridderska-

124 560 48 24 pets
190 560 43 20 och
250 560 79 20 adelns
346 560 202 28 bankfullmäktig.

156 590 55 20 1899
222 591 7 20 i
239 590 157 26 ridderskapet
408 591 43 20 och
462 592 73 20 adeln.
555 592 100 20 Elektor.
675 592 52 20 Led.

124 618 6 20 i
147 619 106 26 Värnepi.
270 620 59 20 utsk.
347 620 42 21 och
407 620 5 20 i
429 621 58 20 Just.
505 621 59 21 utsk.

156 649 55 21 1900
222 649 7 21 i
239 649 158 27 ridderskapet
409 651 43 20 och
462 651 74 20 adeln.
555 651 100 21 Elektor.
674 652 53 20 Led.

124 678 7 21 i
144 679 108 26 Lagutsk.
267 680 42 20 och
327 677 41 27 (till
382 681 24 20 21
423 678 55 29 maj)
495 681 7 20 i
515 681 58 21 Just.
587 682 60 20 utsk.
676 681 51 22 Rid-

124 709 132 26 derskapets
272 710 43 20 och
331 711 78 20 adelns
423 711 203 26 bankfullmäktig.

156 743 91 27 1904/05
268 745 6 20 i
295 745 158 27 ridderskapet
473 747 43 20 och
537 747 74 20 adeln.
647 748 53 20 Led.
722 748 6 19 i

124 774 175 21 Talmanskonf.
320 775 100 21 Elektor.
441 776 53 21 Led.
508 777 6 20 i
529 776 198 27 Grundlagsutsk.;

125 803 5 21 i
143 804 57 21 Just.
214 805 59 20 utsk.
290 802 36 27 (fr.
341 806 26 20 15
379 812 48 19 apr.
443 803 63 28 1905)
522 807 43 20 och
567 798 14 38 i
598 807 63 20 först.
675 807 52 20 Bev.

124 834 59 20 utsk.
215 834 78 27 Suppl
309 835 6 20 i
331 835 75 21 Särsk.
422 836 64 20 Besv.
501 836 60 21 utsk.
592 837 135 20 Ridderska-

123 865 49 24 pets
190 865 42 19 och
250 865 79 20 adelns
346 865 202 26 bankfullmäktig.

156 892 91 27 1905/06
266 895 7 19 i
291 894 159 27 ridderskapet
468 896 43 20 och
531 897 73 20 adeln.

121 954 136 29 Stjernvall,
274 956 115 28 Fridolin,

125 994 14 20 f.
159 995 62 24 1834,
247 992 7 26 1
274 996 62 20 1871.
370 996 109 26 Löjtnant
497 996 37 21 vid
552 998 51 24 väg-
621 998 42 19 och
682 999 45 18 vat-

124 1024 333 22 tenkommunikationskären.

156 1058 91 27 1863/64
264 1061 8 20 i
287 1061 157 27 ridderskapet
461 1062 43 20 och
521 1063 65 19 adeln
608 1060 45 27 (för
667 1064 61 19 ätten

125 1096 39 14 n:o
180 1091 41 19 226
236 1088 117 27 Ethol6n).

156 1126 54 20 1867
233 1126 7 20 i
263 1126 157 27 ridderskapet
442 1128 42 20 och
508 1128 67 20 adeln
601 1125 43 27 (för
667 1129 61 19 ätten

125 1153 143 27 Schulman).
303 1157 77 25 Suppl.
399 1157 6 20 i
424 1157 66 20 Allm.
510 1158 63 20 Besv.
593 1158 59 20 utsk.

122 1217 135 29 Stjernvall,
275 1219 64 22 Hans
356 1219 94 27 Henric,

124 1257 16 20 f.
155 1258 62 24 1769,
230 1254 15 26 $
261 1258 62 20 1820.
351 1258 109 26 Löjtnant
475 1260 62 19 1791.
565 1259 89 21 Afsked
665 1260 62 20 1798.

124 1287 157 21 Possessionat
298 1287 30 27 pä
344 1288 101 20 Lindnäs
463 1288 6 20 i
487 1288 120 21 Mäntsälä.

156 1324 55 20 1809
225 1323 6 20 i
245 1323 158 26 ridderskapet
417 1324 43 20 och
473 1324 74 20 adeln.
577 1324 93 21 Elektor
687 1322 41 27 (till

124 1352 28 20 20
169 1350 69 28 juni).
272 1353 53 21 Led.
344 1354 6 19 i
369 1353 66 20 Civil
454 1354 43 20 och
515 1354 74 20 Ekon.
607 1354 60 20 utsk.

122 1413 135 29 Stjernvall,
275 1415 89 22 Henrik
381 1415 91 28 Ludvig
488 1415 89 28 Alired,

124 1453 103 25 friherre,
251 1454 16 20 f.
292 1454 61 21 1863.
393 1454 128 26 Godsägare
544 1454 31 27 pä
598 1455 101 20 Lindnäs
721 1454 8 20 i

124 1483 119 21 Mäntsälä.

156 1517 91 27 1904/05
266 1520 7 20 i
292 1520 158 26 ridderskapet
469 1521 43 19 och
531 1521 74 20 adeln.

156 1553 92 27 1905/06
266 1555 7 20 i
291 1555 157 26 ridderskapet
468 1556 43 20 och
531 1556 73 20 adeln.

121 1616 136 28 Stjernvall,
273 1617 86 27 Julius,

124 1656 16 20 f.
159 1656 62 20 1874.
254 1656 203 26 Maskiningeniör.

156 1690 91 26 1905/06
264 1692 5 19 i
287 1691 157 27 ridderskapet
461 1692 42 20 och
520 1692 68 20 adeln
607 1690 44 26 (för
667 1692 61 20 ätten

125 1727 39 14 n:o
178 1722 28 19 85
221 1721 133 21 Ehrnrooth
368 1721 27 21 fr.
410 1722 13 20 9
437 1721 46 26 maj
498 1721 33 21 till
547 1722 28 20 26
588 1721 50 26 juni
655 1718 73 27 1906).

761 201 254 28 Stjernvall-Walleen,
1033 201 54 23 Carl
1105 201 63 24 Knut
1183 201 70 26 Emil,

1350 81 35 18 365

763 240 102 25 friherre,
879 241 14 20 f.
910 241 63 24 1806,
987 238 14 25 T
1017 241 61 20 1890.
1108 240 257 21 Ministerstatssekrete-
1382 251 1 4 |

763 270 146 26 rareadjoint.
943 270 102 26 Verkligt
1063 270 144 26 geheimeräd
1229 271 63 20 1875.

763 299 268 22 nisterstatssekreterare
1049 301 62 20 1876.

794 331 55 20 1872
867 329 6 21 i
891 330 158 26 ridderskapet
1065 331 44 20 och
1127 331 73 20 adeln.

794 360 55 20 1882
867 361 8 20 i
890 359 158 26 ridderskapet
1066 360 43 21 och
1127 360 73 21 adeln.

794 390 55 19 1885
867 389 6 20 i
891 389 157 26 ridderskapet
1066 390 42 20 och
1126 390 73 21 adeln.

761 444 155 27 Stockmann,
934 445 55 23 Karl
1006 445 81 28 Eugen
1105 445 112 27 Kristian,

763 483 14 20 f.
795 484 62 20 1865.
890 484 137 20 Handlande
1042 484 8 20 i
1065 484 150 25 Helsingfors,
1231 484 91 20 konsul.

794 512 92 26 1904/05
915 513 131 27 fullmäktig
1074 514 36 20 för
1138 513 145 26 Helsingfors
1310 513 55 21 stad.

763 543 78 26 Suppl.
860 543 7 20 i
885 543 127 21 Bankutsk.
1031 543 42 21 och
1095 540 35 27 (fr.
1150 544 25 19 14
1194 549 61 15 mars
1276 543 63 21 1906)
1359 542 7 20 i

763 573 76 20 Särsk.
859 573 63 20 Besv.
942 573 59 20 utsk.

761 628 92 29 Streng,
870 630 143 26 Alexander,

763 668 14 21 f.
797 669 63 24 1842,
878 666 14 25 T
912 669 62 20 1901.
1008 664 189 30 Öfverinspektor
1213 669 7 20 i
1237 668 129 27 skolstyrel-

763 705 40 14 sen
822 699 62 20 1887.

794 729 55 20 1885
864 728 178 26 prästeständets
1057 729 73 26 suppl.
1145 729 6 20 i
1166 728 199 21 Ständerhusdele-

763 758 107 26 gationen
892 755 36 27 (fr.
947 759 13 20 6
979 765 61 14 mars
1061 755 73 27 1888).

761 813 101 28 Strähle,
879 814 54 23 Eric
949 815 86 27 Johan,

763 854 14 20 f.
798 855 62 23 1821,
877 851 15 25 T
912 855 61 20 1889.
1006 854 156 21 Possessionat
1177 853 30 26 pä
1223 852 143 22 Perheniemi

763 883 6 20 i
786 883 64 21 littis.
882 883 190 21 Kommunalråd.

794 914 55 20 1872
867 913 132 26 fullmäktig
1015 913 36 21 för
1068 913 57 21 littis
1142 914 115 25 domsaga.
1290 912 77 21 Led.i

763 943 185 24 Talmanskonf.;
962 943 6 20 i
981 942 73 22 Ekon.
1068 943 69 24 utsk.;
1151 943 6 20 i
1169 943 56 25 Lag-
1238 943 43 20 och
1293 942 72 20 Ekon.

763 972 69 25 utsk.;
849 972 6 21 i
873 972 68 21 Stats-
959 973 42 20 och
1018 972 73 21 Ekon.
1108 973 68 23 utsk.;
1199 973 1 20 i
1217 972 149 21 Kommunal-

763 1002 59 20 utsk.
839 1002 42 21 och
897 1002 6 20 i
919 1002 64 21 först.
999 1002 119 21 Statsutsk.
1149 1002 76 21 Andre
1240 1002 74 26 suppi.
1332 1002 34 20 för

763 1032 177 21 bondeständets
961 1032 202 26 bankfullmäktig.

795 1060 92 28 1877/78
897 1062 132 26 fullmäktig
1039 1062 36 20 för
1086 1062 56 20 littis
1153 1063 116 25 domsaga.
1288 1062 77 25 Suppl.

763 1092 6 20 i
785 1092 176 20 Talmanskonf.
993 1092 100 20 Elektor.

763 1122 59 20 utsk.
837 1122 44 20 och
895 1122 6 20 i
915 1122 106 26 Värnepi.
1036 1122 59 20 utsk.
1126 1122 77 26 Suppl.
1219 1122 8 20 i
1240 1120 125 26 Myntutsk.

763 1151 180 21 Bondeständets
956 1152 73 26 suppl.
1042 1152 6 20 i
1060 1150 305 27 Ständerhusdelegationen.

762 1212 99 28 Strähle,
879 1213 55 22 Erik
950 1213 87 27 Johan,

764 1252 14 21 f.
797 1252 62 25 1850,
877 1250 14 25 1
908 1250 27 28 3/;
946 1252 63 20 1900.
1041 1252 156 21 Possessionat
1213 1252 30 26 pä
1260 1251 106 26 Storgård

764 1282 7 20 i
783 1282 74 26 Borgä
870 1282 91 21 socken.
991 1282 144 21 Sekreterare
1147 1282 6 20 i
1167 1282 85 20 Finska
1266 1281 100 21 hushäll-

763 1312 199 26 ningssällskapet.

795 1343 53 19 1891
878 1342 132 26 fullmäktig
1035 1342 36 20 för
1098 1342 126 26 Raseborgs
1251 1342 115 25 domsaga.

764 1372 53 20 Led.
835 1372 7 20 i
858 1372 56 26 Lag-
932 1372 43 20 och
993 1372 73 20 Ekon.
1084 1371 59 21 utsk.

795 1402 56 20 1894
865 1401 132 26 fullmäktig
1011 1401 35 20 för
1061 1401 72 26 Borgä
1148 1402 116 25 domsaga.

765 1431 55 25 Lag-
835 1431 43 20 och
895 1431 73 20 Ekon.
985 1431 59 20 utsk.

795 1467 56 20 1900
867 1466 132 26 fullmäktig
1016 1467 35 20 för
1066 1463 48 25 Åbo
1130 1467 55 20 stad.
1218 1467 54 20 Led.
1289 1466 6 20 i
1312 1465 54 26 Lag-

764 1497 43 19 och
823 1496 74 21 Ekon.
914 1496 60 21 utsk.
994 1494 41 26 (till
1052 1498 13 19 8
1081 1494 65 28 maj).

1294 1400 52 20 Led.
1360 1400 6 19 i

761 1558 148 29 Strömberg,
926 1559 88 26 Johan,

765 1597 14 21 f.
796 1598 62 20 1839.
889 1598 205 20 Läderhandlande
1110 1598 6 20 i
1130 1598 148 20 Tavastehus.

764 1627 186 21 nomiedirektör.

797 1657 55 20 1888
874 1656 131 26 fullmäktig
1027 1657 35 20 för
1084 1657 141 20 Tavastehus
1247 1657 57 19 stad.

1309 1597 58 20 Eko-

762 1718 89 28 Stycki,
868 1718 33 27 E.,
917 1726 24 14 se
957 1719 83 28 Tykki.

1125 1092 51 20 Led.
1194 1092 6 20 i
1217 1092 149 20 Ständerhus-
1382 1086 1 3 |

1326 269 39 21 Mi-
1382 271 1 4 j
