1492 1867
141 1006 2 13 |
166 1015 77 21 finska
260 1012 276 35 befälhafvarestyrelsen.

167 197 110 28 Bläfield,
294 199 52 21 Ivar
362 200 60 21 Emil
440 200 143 27 Waldemar,

169 237 14 20 f.
209 238 63 20 1846.
303 238 217 27 Boställsinspektör
543 240 6 20 i
572 240 142 20 Tavastehus
737 241 38 19 län

171 268 151 20 1872—1878.

200 296 92 25 1877/78
312 298 6 20 i
337 298 158 27 ridderskapet
514 300 43 20 och
577 300 73 20 adeln.

166 347 109 28 Bläfield,
293 349 51 22 Ivar
361 350 55 21 Erik
434 351 142 26 Waldemar,

169 387 14 20 f.
204 388 62 20 1870.
300 389 251 27 Telegraftjänsteman.
585 390 96 20 Hofräd.

200 418 56 20 1899
269 418 6 20 i
289 418 158 27 ridderskapet
460 420 43 20 och
517 420 67 20 adeln
600 417 42 27 (till
656 421 28 19 28
696 417 77 27 febr.).

166 467 108 28 Bläfield,
292 470 56 21 Otto
364 470 87 27 Johan,

168 508 14 19 1.
208 508 62 20 1867.
310 509 111 20 Medicine
443 510 117 24 kandidat,
585 510 98 20 licentiat

168 537 221 22 Kommunalläkare
407 539 6 20 i
431 539 129 21 Pedersöre.

199 568 55 19 1897
270 567 6 20 i
292 568 158 27 ridderskapet
466 570 42 19 och
524 570 73 20 adeln.

164 616 111 28 Bläfield,
293 619 89 23 Robert
399 619 91 28 Gustaf,

167 657 15 20 f.
197 658 63 24 1782,
273 655 15 26 I
302 658 62 21 1809.
393 659 257 21 Hofrättsextranotarie
664 659 62 24 1802,
740 666 32 13 se-

167 687 47 20 dan
228 687 163 27 brukspatron.

711 510 61 20 1900.

199 718 55 19 1809
270 718 6 19 i
292 718 158 27 ridderskapet
466 720 42 19 och
524 720 73 20 adeln.
629 720 52 20 Led.
699 719 7 20 i
720 719 52 20 Rid-

167 747 64 20 darh.
250 748 59 20 utsk.
330 745 35 27 (fr.
384 749 25 20 21
428 747 76 28 april).

164 796 109 28 Bläfield,
291 799 89 24 Robert
397 799 85 23 Gustaf
499 801 57 26 Ivar,

167 837 15 19 f.
201 838 61 23 1829,
279 835 15 21 +
312 839 61 20 1889.
406 839 201 26 Generallöjtnant.
639 839 132 26 Krigskom-

168 866 104 21 missarie
287 868 5 19 i
309 868 56 20 Vasa
383 869 36 19 län
437 870 61 19 1886.

199 897 54 20 1885
272 897 6 20 i
295 897 159 26 ridderskapet
470 899 43 20 och
531 899 73 20 adeln.

164 945 109 28 Bläfield,
290 947 113 23 Theodor
420 949 107 26 Frithiof,

167 985 14 20 f.
197 986 63 24 1817,
273 983 15 26 T
302 987 62 20 1902.
392 983 211 30 Öfverstelöjtnant,
617 988 106 25 adjutant
734 988 39 19 vid

569 1014 111 28 Öfverste,
698 1017 74 21 direk-

141 1040 2 35 |
166 1047 35 18 tor
222 1045 36 21 för
280 1047 316 26 generalguvernörskansliet
620 1048 151 20 1892—1895.

139 1658 1 4 |
164 1653 15 19 f.
205 1654 63 24 1801,
293 1652 14 24 +
326 1656 61 19 1865.

198 1076 56 20 1888
269 1076 6 20 i
291 1076 157 27 ridderskapet
464 1078 43 19 och
522 1078 74 20 adeln.

198 1106 53 19 1891
269 1105 6 21 i
291 1106 158 27 ridderskapet
463 1108 43 20 och
521 1108 74 20 adeln.

198 1136 55 19 1894
270 1136 6 19 i
291 1136 159 27 ridderskapet
464 1138 43 20 och
523 1137 73 21 adeln.

163 1179 110 28 Bläfield,
291 1181 90 22 Valirid
399 1182 91 28 August
506 1183 119 26 Wilhelm,

166 1218 14 20 f.
198 1219 62 20 1866.
290 1219 242 28 Vicehäradshöfding.
563 1221 209 26 Häradshöfding
760 1214 17 38 i

166 1248 85 21 Hauho
266 1250 116 25 domsaga.

198 1279 54 20 1897
275 1279 7 20 i
304 1279 158 27 ridderskapet
484 1281 43 20 och
550 1281 67 20 adeln
643 1278 45 27 (för
710 1281 60 20 ätten

166 1307 170 28 Godenhjelm).

197 1339 56 19 1900
266 1339 6 20 i
285 1339 158 27 ridderskapet
456 1341 42 20 och
512 1341 67 20 adeln
594 1338 45 26 (för
652 1341 61 20 ätten
727 1347 45 13 von

166 1366 116 27 Schrowe)
301 1369 34 20 till
351 1371 27 18 22
395 1370 53 25 maj.

197 1397 92 26 1904/05
307 1399 139 21 sekreterare
462 1400 5 20 i
485 1400 173 26 prästeständet.

196 1426 93 27 1905/06
314 1428 6 20 i
345 1428 158 27 ridderskapet
528 1430 44 20 och
596 1430 68 20 adeln
692 1426 41 27 (till
759 1430 12 19 8

165 1455 121 27 februari).
317 1458 143 21 Sekreterare
476 1460 5 19 i
496 1459 174 26 prästeståndet.

162 1501 101 27 Boehm,
281 1502 121 22 Christian
419 1504 101 26 Edvard,

165 1540 14 20 f.
199 1541 63 24 1816,
287 1538 7 26 $
313 1542 62 20 1870.
408 1542 138 21 Handlande
562 1543 7 20 i
586 1543 124 20 Sortavala.

196 1569 92 27 1863/64
306 1571 131 27 fullmäktig
453 1572 35 20 för
504 1574 79 19 staden
600 1573 125 20 Sortavala.

162 1614 76 27 Boije,
256 1615 72 23 Adolf
343 1616 119 28 Wilhelm,

419 1652 110 24 Öfverste.
561 1656 158 21 Possessionat
742 1656 29 26 pä

165 1683 57 26 Illby
239 1684 61 25 gärd.

196 1712 92 27 1863/64
306 1714 14 23 (i
336 1713 90 27 början)
445 1716 4 19 i
465 1716 157 26 ridderskapet
638 1717 42 19 och
696 1716 73 20 adeln.

712 81 155 22 Personregister.

807 201 76 27 Boije,
900 201 58 22 Axel
976 201 106 27 Fredrik,

810 241 14 19 f.
849 240 61 24 1805,
933 238 14 24 *
966 241 61 19 1876.
1058 240 165 20 Föreståndare
1246 240 37 20 för
1303 240 109 20 Finlands

810 270 75 20 Banks
904 270 215 25 afdelningskontor
1137 271 5 20 i
1161 270 29 20 St.
1209 270 142 24 Petersburg.

841 300 54 20 1872
911 300 6 19 i
933 300 158 25 ridderskapet
1107 300 42 20 och
1165 300 74 20 adeln.

807 356 76 27 Boije,
901 356 54 23 Carl
973 357 93 21 Anders
1083 357 112 26 Herman,

809 396 14 20 f.
842 396 61 24 1837,
920 393 15 25 $
953 396 62 20 1905.
1046 396 163 20 Possessionat.

840 424 91 27 1877/78
949 426 6 20 i
971 426 158 26 ridderskapet
1146 426 43 20 och
1205 426 74 20 adeln.

810 456 51 19 Rev.
878 456 57 19 utsk.
955 453 36 24 (fr.
1010 457 24 18 15
1050 456 46 25 maj
1115 453 73 26 1877).

1312 425 77 26 Suppl.
1407 424 6 20 i

806 512 75 27 Boije,
900 512 143 22 Constantin
1060 512 59 22 Axel
1136 512 98 26 Leonid,

809 552 14 19 f.
841 552 61 20 1854.
925 551 265 26 Lekmannapredikant.
1213 551 156 20 Possessionat
1385 549 27 26 pä

810 581 56 26 Illby
882 581 61 26 gård.

839 612 54 19 1882
910 611 7 20 i
932 611 157 26 ridderskapet
1106 611 42 20 och
1164 611 73 20 adeln.
1429 615 1 20 |

839 642 54 19 1885
909 641 7 20 i
931 641 158 26 ridderskapet
1105 641 43 20 och
1164 641 73 20 adeln.

839 672 55 19 1888
909 671 6 20 i
931 671 158 26 ridderskapet
1104 671 43 20 och
1163 671 74 20 adeln.

839 702 53 19 1891
909 701 6 20 i
931 701 158 26 ridderskapet
1105 701 42 20 och
1163 701 73 20 adeln.

840 732 54 19 1894
910 731 6 20 i
932 731 157 26 ridderskapet
1105 731 43 20 och
1164 731 73 20 adeln.

840 762 53 19 1897
910 761 6 20 i
932 761 158 26 ridderskapet
1105 762 43 19 och
1165 761 73 20 adeln.

840 792 54 19 1899
910 791 6 20 i
932 791 158 26 ridderskapet
1106 792 43 19 och
1164 791 73 20 adeln.

840 821 54 20 1900
910 821 8 20 i
932 821 157 26 ridderskapet
1106 821 42 20 och
1165 821 73 20 adeln.

839 849 91 27 1904/05
945 851 6 20 i
965 851 160 26 ridderskapet
1138 851 42 20 och
1196 851 73 20 adeln.

840 881 91 26 1905/06
947 881 6 20 i
970 881 156 26 ridderskapet
1145 882 42 19 och
1205 881 73 20 adeln.

806 931 75 28 Boije,
899 932 64 21 Hans
981 931 91 27 Gustaf,

807 971 103 24 friherre,
928 971 15 20 f.
963 971 62 24 1828,
1043 968 13 25 f
1075 971 62 20 1903.
1169 969 242 26 Vicehäradshöfding.
1428 972 1 25 |

808 1001 157 20 Possessionat
980 1001 30 26 pä
1025 1001 64 25 Haga
1106 1001 6 20 i
1128 1001 137 20 Janakkala.
1428 1000 2 23 i

839 1029 91 27 1863/64
945 1031 6 20 i
965 1031 159 25 ridderskapet
1137 1031 44 20 och
1195 1031 73 20 adeln.
1298 1030 113 20 Elektors-
1428 1025 1 4 |

807 1061 74 26 suppl.
912 1061 65 20 Ordf.
993 1061 6 20 i
1015 1061 55 25 Lag-
1086 1061 43 20 och
1145 1061 73 19 Ekon.
1233 1060 60 20 utsk.
1325 1059 64 22 Ordf.
1405 1059 7 20 i

808 1091 202 20 Ständerhusutsk.
1045 1091 53 20 Led.
1118 1091 6 19 i
1143 1090 52 20 Bev.
1215 1090 59 21 utsk.
1308 1090 77 25 Suppl.
1406 1089 6 20 i

808 1121 107 25 Lagutsk.

839 1151 54 20 1867
919 1150 6 20 i
951 1150 158 26 ridderskapet
1135 1151 43 19 och
1204 1151 73 19 adeln.
1312 1150 99 20 Elektor.

807 1180 64 20 Ordf.
886 1180 5 20 i
906 1180 55 25 Lag-
975 1181 44 19 och
1033 1180 73 20 Ekon.
1121 1180 59 20 utsk.
1211 1180 77 26 Suppl.
1303 1180 6 19 i
1324 1179 87 20 Grund-

808 1210 107 26 lagsutsk.
934 1211 43 19 och
995 1211 7 19 i
1019 1211 74 20 Ekon.
1111 1210 60 20 utsk.

839 1241 54 19 1872
910 1240 6 20 i
931 1240 159 26 ridderskapet
1105 1240 43 20 och
1165 1240 73 20 adeln.
1270 1239 53 21 Led.
1340 1240 6 19 i
1362 1239 50 20 Tal-

807 1270 132 20 manskonf.
970 1270 100 20 Elektor.
1103 1269 64 21 Ordf.
1184 1269 6 20 i
1207 1269 120 21 Statsutsk.
1359 1270 52 19 Led.

807 1300 5 19 i
828 1300 51 20 Bev.
895 1300 59 20 utsk.
973 1297 36 26 (fr.
1027 1301 8 19 1
1050 1297 69 28 juni).
1151 1300 78 25 Suppl.
1245 1299 6 20 i
1265 1299 67 20 Allm.
1348 1299 63 20 Besv.

807 1330 58 20 utsk.
889 1330 43 20 och
956 1330 6 19 i
985 1330 68 20 Stats-
1077 1330 42 20 och
1143 1330 74 19 Ekon.
1240 1329 59 20 utsk.
1337 1329 76 20 Andre

806 1360 74 25 suppl.
899 1359 35 20 för
952 1359 169 26 ridderskapets
1139 1360 43 19 och
1200 1360 79 19 adelns
1296 1359 115 20 bankfull-

807 1389 92 25 mäktig.

838 1417 93 27 1877/78
952 1419 7 20 i
978 1419 158 25 ridderskapet
1157 1420 43 19 och
1221 1419 73 20 adeln.
1330 1418 53 21 Led.
1406 1418 5 20 i

807 1449 175 20 Talmanskonf.
1007 1444 12 35 —
1027 1449 100 20 Elektor.
1173 1449 52 20 Led.
1255 1448 6 20 i
1291 1448 120 21 Statsutsk.

807 1479 78 25 Suppl.
897 1478 5 20 i
913 1479 106 25 VärnepI.
1031 1479 59 20 utsk.
1109 1478 65 21 Ordf.
1186 1479 6 20 i
1203 1479 69 19 Stats-
1284 1479 43 19 och
1337 1478 73 20 Ekon.

806 1508 59 20 utsk.
898 1508 53 20 Led.
969 1508 6 20 i
993 1508 63 20 först.
1074 1508 74 20 Ekon.
1164 1508 70 23 utsk.;
1251 1508 7 20 i
1275 1508 63 20 först.
1356 1508 55 25 Lag-

806 1538 43 20 och
864 1538 74 20 Ekon.
953 1538 60 20 utsk.
1029 1539 43 19 och
1088 1538 6 20 i
1108 1538 64 20 först.
1189 1538 107 25 Lagutsk.

837 1568 55 20 1882
909 1568 6 20 i
931 1568 158 26 ridderskapet
1105 1568 43 20 och
1164 1568 74 20 adeln.
1269 1568 54 20 Led.
1339 1568 7 20 i
1361 1568 50 20 Tal-

806 1598 132 20 manskonf.
967 1598 100 20 Elektor.
1097 1598 64 20 Ordf.
1176 1598 6 20 i
1197 1597 120 21 Statsutsk.
1346 1597 64 21 Ordf.

806 1627 5 19 i
825 1627 110 20 Riddarh.
949 1627 59 20 utsk.
1037 1628 78 25 Suppl
1130 1627 8 20 i
1150 1627 106 26 Värnepi.
1270 1627 60 20 utsk.
1358 1627 53 20 Led.

806 1656 5 20 i
825 1657 63 20 först.
902 1657 51 20 Bev.
967 1657 60 20 utsk.
1056 1657 80 20 Förste
1148 1657 74 25 suppl.
1235 1656 36 21 för
1283 1656 128 21 ridderska-

805 1688 48 24 pets
877 1687 43 19 och
944 1687 78 20 adelns
1045 1687 158 20 bankrevisor.
1235 1686 176 26 Ridderskapets

806 1716 42 20 och
867 1717 77 19 adelns
963 1717 73 25 suppl.
1055 1717 5 19 i
1079 1716 286 26 Kröningsdeputationen.
