1473 1867
708 78 155 22 Personregister.

158 148 139 24 (Landtdagen
311 149 61 23 1809).

536 198 187 28 Ridderskapets
740 199 46 22 och
803 199 84 22 adelns
904 199 129 22 elektorer.

157 238 75 21 Johan
248 238 114 22 Reinhold
378 239 139 27 Rehbinder,
533 240 102 26 friherre,
652 240 76 28 major.

158 268 87 21 Berndt
261 268 52 22 Otto
330 268 154 30 Stackelberg,
501 270 102 26 friherre,
620 270 206 28 öfverstelöjtnant;
843 270 43 28 (till
903 270 26 21 11
946 270 71 28 april).

158 297 50 22 Carl
224 298 108 28 Ephraim
349 299 117 29 Carpelan,
483 300 100 25 friherre,
601 300 201 28 öfverstelöjtnant.

158 328 52 21 Otto
226 328 101 22 Christer
343 329 71 28 Boije,
431 330 202 28 öfverstelöjtnant.

156 358 76 22 Johan
252 358 90 22 Anders
357 359 128 29 Jägerhorn
502 360 22 21 af
540 360 97 28 Spurila,
654 360 205 29 öfverstelöjtnant;
876 360 42 28 (till
936 360 26 21 11
979 360 72 28 april).

158 388 51 21 Carl
224 388 93 22 Fredric
333 389 116 26 Rotkirch,
467 390 286 28 expeditionssekreterare.

156 418 71 21 Jacob
243 418 109 22 Wilhelm
368 419 115 29 Hisinger,
500 420 96 28 lagman.

157 448 51 21 Carl
225 448 92 22 Edvard
333 449 172 29 Gyldenstolpe,
522 450 142 21 hofrättsråd.

157 478 63 21 Hans
236 478 84 22 Henric
337 479 130 28 Stjernvall,
483 480 106 28 löjtnant;
605 480 43 28 (till
664 480 28 21 20
706 479 65 29 juni).

158 507 125 22 Christofer
297 509 96 28 Egidius
410 517 44 13 von
470 510 191 26 Hartmansdorff,
678 510 80 28 major;
775 510 42 28 (till
841 510 5 21 2
863 509 42 29 maj
923 510 41 22 och
981 510 51 22 från
1047 510 28 22 20
1089 510 67 28 juni).

157 538 74 21 Johan
264 538 125 22 Christofer
417 547 46 14 von
492 540 94 27 Morian,
616 540 100 28 lagman;
744 540 41 27 (till
814 540 13 22 6
851 540 57 28 april
937 540 42 22 och
1004 540 51 22 från
1083 540 26 21 18
1136 540 58 28 april
1219 540 35 22 till
1280 540 27 21 31
1334 540 58 28 maj).

157 568 96 22 Michael
269 568 114 29 Hisinger,
400 572 155 25 ryttmästare;
571 570 44 28 (till
632 570 27 21 18
675 570 57 28 april
749 570 41 21 och
805 570 50 21 från
871 570 27 21 31
916 570 60 29 maj).

157 598 82 22 Henric
257 598 113 22 Christian
385 600 156 26 Nordensvan,
558 600 161 22 landskamrer.

157 628 84 22 Henric
258 628 82 22 Gustaf
356 636 45 14 von
417 630 122 28 Knorring,
557 630 107 26 öfverste;
682 630 59 28 (från
758 630 13 21 6
787 630 71 28 april).

156 658 59 21 Axel
231 658 114 22 Reinhold
361 659 155 28 Cedercreutz,
533 660 101 26 friherre,
652 660 207 28 öfverjägmästare;
877 660 58 26 (från
953 660 25 21 11
997 660 56 28 april
1069 660 35 21 till
1120 660 28 22 20
1162 660 66 28 juni).

157 688 51 21 Carl
223 688 76 22 Johan
314 688 104 27 Armfelt,
435 690 105 28 löjtnant;
557 690 59 27 (från
633 690 27 21 11
676 690 35 21 till
728 690 27 21 18
773 690 70 28 april).

157 718 51 21 Carl
224 718 70 22 Adolf
309 719 155 26 Möllersvärd,
481 720 172 27 landshöfding;
670 720 59 28 (från
747 720 27 21 18
790 716 71 32 april).

157 748 51 22 Carl
223 748 86 22 Henric
324 749 155 28 Adlercreutz,
496 750 188 28 häradshöfding;
702 750 58 27 (från
776 750 13 21 2
805 750 60 28 maj).

156 778 92 29 August
263 778 76 29 Philip
355 779 104 27 Armfelt,
475 780 101 26 friherre,
593 780 205 28 öfverstelöjtnant;
815 780 59 28 (från
891 779 28 22 20
933 779 65 29 juni).

582 852 73 22 Civil-
671 852 47 22 och
735 851 248 23 Ekonomiutskottet.

543 899 38 21 Af
603 899 223 28 ridderskapet
847 899 55 21 och
923 899 97 22 adeln.

156 939 206 22 Medlemmar:
384 941 76 21 Johan
476 940 114 22 Reinhold
606 940 139 26 Rehbinder,
761 940 101 26 friherre,
879 940 76 28 major.
988 940 201 23 Ordförande.

385 971 69 21 Ernst
470 970 81 22 Gustaf
567 978 46 14 von
630 970 147 26 Willebrand,
793 970 102 26 friherre,
912 970 172 29 generalmajor;
1101 971 43 28 (till
1160 972 28 21 26
1205 972 73 28 april).

385 1000 71 22 Jacob
473 1001 108 22 Wilhelm
597 1000 115 28 Hisinger,
729 1001 96 27 lagman.

385 1030 85 22 Henric
485 1030 75 22 Johan
576 1030 125 26 Kuhlefelt,
719 1030 89 29 kapten.

385 1060 64 22 Hans
465 1060 84 22 Henric
565 1060 129 28 Stjernvall,
711 1060 101 28 löjtnant.

385 1090 84 22 Henric
485 1090 114 22 Christian
615 1090 157 26 Nordensvan,
788 1090 159 22 landskamrer.

385 1120 82 22 Gustaf
484 1128 43 14 von
543 1120 99 26 Kothen,
659 1120 101 26 friherre,
777 1120 187 28 häradshöfding;
981 1120 59 28 (frän
1056 1120 29 22 26
1101 1120 71 29 april).

628 1186 39 21 Af
688 1186 244 28 prästeständet.

156 1226 205 22 Medlemmar:
386 1227 83 21 Gustaf
485 1228 103 26 Gadolin,
606 1228 118 28 professor.

383 1257 75 22 Johan
475 1258 116 26 Sundvall,
610 1260 68 26 prost.

383 1287 52 21 Ivar
451 1288 132 26 Wallenius,
600 1288 189 28 kontraktsprost.

626 1353 39 21 Af
686 1352 251 29 borgarständet.

155 1392 206 23 Medlemmar:
385 1394 75 21 Johan
477 1394 133 26 Solitander,
627 1394 158 29 brukspatron.

383 1424 63 22 Hans
462 1424 77 22 Petter
556 1424 89 29 Winge,
663 1425 160 28 borgmästare.

383 1454 68 21 Peter
466 1454 74 22 Johan
556 1454 81 28 Bladh,
654 1455 157 28 superkargör.

631 1513 39 22 Af
691 1513 238 22 bondeständet.

154 1553 205 22 Medlemmar:
384 1555 67 21 Peter
466 1555 130 25 Väänänen,
613 1555 239 22 häradsnämndeman.

382 1584 87 22 Henrik
485 1585 120 26 Granroth,
622 1585 200 22 hemmansbonde.

381 1614 76 22 Johan
472 1615 108 25 Kinttala,
597 1615 199 21 hemmansbonde.

671 1668 211 23 Sekreterare.

383 1709 51 21 Carl
449 1710 92 22 Fredric
557 1710 101 29 Gylling,
675 1710 162 22 landskamrer.
