1492 1867
633 73 154 23 Personregister.

1321 70 32 18 291

68 165 1 4 :
90 144 128 24 (Jägerhorn,
232 144 44 19 Carl
290 144 83 24 Georg,)

125 198 53 19 1897
201 196 5 20 i
228 196 156 26 ridderskapet
406 196 41 20 och
469 196 65 20 adeln
559 194 35 26 (fr.
616 198 27 19 23
663 196 33 21 till

94 228 26 19 26
134 224 65 28 jan.).

124 257 55 20 1899
196 256 6 20 i
220 256 158 26 ridderskapet
395 256 43 20 och
456 256 74 20 adeln.

124 286 55 20 1900
193 286 6 20 i
215 286 158 26 ridderskapet
387 286 43 20 och
446 286 67 21 adeln
531 283 41 27 (till
589 286 26 20 10
629 283 66 29 apr.).

124 314 91 27 1904/05
232 316 6 20 i
255 316 157 26 ridderskapet
426 316 45 20 och
488 316 73 20 adeln.
594 316 78 26 Suppl.
690 315 6 20 i

93 346 107 26 Lagutsk.
220 342 35 28 (fr.
272 346 25 20 21
315 346 56 20 febr.
389 343 74 27 1905).

124 374 91 27 1905/06
228 376 6 20 i
246 376 157 26 ridderskapet
416 376 41 20 och
471 376 65 20 adeln
553 373 41 26 (till
609 376 25 20 15
646 375 49 26 juni

94 403 73 27 1906).

89 462 143 28 Jägerhorn,
250 461 54 23 Carl
321 462 86 26 Johan,

92 501 14 20 f.
124 502 62 23 1819,
201 498 15 26 +
233 501 62 21 1890.
325 501 271 20 Protokollssekreterare
611 501 7 20 i
632 507 62 15 sena-

91 532 49 19 tens
159 530 285 26 ekonomiedepartement,
466 530 228 22 referendariesekre-

92 562 72 19 terare
179 561 61 20 1864.
270 560 118 21 Guvernör
401 560 5 21 i
420 560 123 26 Uleåborgs
557 561 39 20 län
610 561 85 20 1879—

94 591 61 20 1883.
186 590 108 21 Statsråd.

123 619 90 27 1863/64
225 620 6 20 i
241 620 159 26 ridderskapet
410 621 41 20 och
464 621 72 20 adeln.
556 621 52 20 Led.
621 621 5 20 i
638 620 56 26 Exp.

91 650 59 20 utsk.
182 650 78 26 Suppl.
275 650 7 20 i
297 650 108 26 Lagutsk.

123 681 54 19 1867
189 680 6 20 i
207 680 158 26 ridderskapet
375 681 43 20 och
429 681 73 20 adeln.
522 680 99 21 Elektor.
641 680 53 21 Led.

92 710 5 20 i
118 710 188 26 Grundlagsutsk.
327 711 42 20 och
390 710 6 20 i
416 710 57 21 Just.
494 710 59 20 utsk.
590 710 77 26 Suppl
688 710 6 20 i

91 740 135 24 Bankutsk.;
242 740 7 20 i
264 740 72 20 Ekon.
352 740 60 20 utsk.
427 740 43 20 och
484 740 6 20 i
505 740 189 26 Kyrkolagsutsk.

123 771 53 19 1872
190 770 6 20 i
210 770 157 26 ridderskapet
382 771 42 19 och
439 770 73 21 adeln.
543 770 93 20 Elektor
653 767 41 27 (till

92 801 10 19 7
117 797 79 27 mars).
226 800 77 26 Suppl.
322 800 1 20 i
337 800 203 20 Kommunalutsk.

122 828 92 27 1877/78
234 830 6 20 i
261 830 157 26 ridderskapet
439 830 43 20 och
504 830 72 20 adeln.
613 830 53 20 Led.
688 830 7 20 i

90 860 202 20 Ständerhusutsk.
307 860 43 20 och
364 860 7 20 i
386 860 63 20 först.
464 860 120 20 Statsutsk.
615 860 78 26 Suppl.

91 889 5 20 i
107 890 57 20 Just.
176 890 59 20 utsk.
250 887 36 27 (fr.
300 891 25 19 15
336 890 47 26 maj
396 887 74 27 1877).
497 890 29 20 Af
536 890 158 26 ridderskapet

90 920 41 19 och
145 920 65 20 adeln
224 920 51 20 vald
288 920 66 20 medl.
367 921 6 20 i
386 919 307 26 Ständerhusdelegationen.

87 975 135 28 Jägerhorn
239 976 23 21 af
278 975 101 28 Spurila,
397 976 79 22 Johan
492 976 100 27 Anders,

91 1014 13 20 f.
118 1015 62 23 1757,
192 1012 14 25 t
221 1015 61 20 1825.
310 1015 88 25 Kapten
411 1015 37 21 vid
461 1015 102 26 Nylands
574 1016 119 26 dragoner,

89 1044 74 26 major
178 1044 6 20 i
200 1044 80 20 armén
294 1045 42 20 och
352 1044 178 26 öfveradjutant.
561 1045 34 21 En
611 1045 24 21 af
649 1045 44 21 An-

88 1074 157 26 jala-männen
267 1075 61 20 1788.
363 1074 75 21 Dömd
459 1076 56 20 1789
533 1075 51 20 från
603 1074 32 25 lif,
654 1076 40 19 ära

89 1104 43 20 och
146 1105 62 25 gods.
239 1100 204 30 Öfverstelöjtnant
458 1105 6 20 i
477 1105 54 26 rysk
546 1105 76 25 tjänst.
653 1105 40 21 Re-

89 1134 135 20 habiliterad
240 1134 75 20 säsom
331 1134 62 21 finsk
409 1135 117 20 adelsman
544 1135 62 21 1809.

120 1164 56 20 1809
192 1164 7 20 i
215 1164 157 26 ridderskapet
390 1164 42 20 och
450 1165 72 20 adeln.
556 1165 97 20 Medlem
670 1164 24 20 af

88 1193 282 21 Riddarhusdirektionen.
405 1194 94 20 Elektor
520 1191 40 27 (till
581 1195 23 19 11
626 1191 66 29 apr.).

86 1238 143 28 Jägerhorn,
247 1238 118 24 Reinhold
382 1238 71 22 Ernst
469 1238 79 28 Peter,

89 1277 14 20 f.
122 1278 62 20 1838.
215 1277 243 27 Vicehäradshöfding,
474 1278 130 26 godsägare.

120 1308 53 19 1891
197 1307 6 20 i
226 1307 158 26 ridderskapet
406 1308 43 20 och
472 1308 74 20 adeln.
585 1308 77 26 Suppl.
687 1307 6 20 i

64 1332 1 4 |
89 1336 72 21 Ekon.
177 1337 59 20 utsk.
256 1334 36 27 (fr.
308 1338 26 19 21
351 1335 67 28 apr.).

120 1367 54 20 1894
191 1366 6 20 i
212 1366 158 26 ridderskapet
386 1368 42 20 och
444 1368 74 20 adeln.

120 1397 55 20 1899
187 1396 6 20 i
206 1396 157 26 ridderskapet
377 1397 43 20 och
434 1397 66 20 adeln
517 1394 43 27 (för
574 1398 43 20 adl.
632 1398 59 19 ätten

89 1423 103 27 Munck).

119 1456 55 20 1900
190 1456 6 20 i
213 1456 157 26 ridderskapet
385 1457 42 19 och
444 1456 66 21 adeln
530 1454 36 26 (fr.
584 1457 26 20 18
625 1454 67 29 apr.).

120 1483 92 27 1905/06
236 1485 6 20 i
265 1485 157 27 ridderskapet
446 1486 42 20 och
512 1486 65 20 adeln
605 1483 35 27 (fr.
666 1487 25 19 15

87 1514 49 25 juni
152 1512 73 27 1906).

63 1555 1 14 '
84 1558 161 28 Jägerskiöld,
263 1559 108 23 Christer
387 1560 91 28 Ludvig
496 1560 125 27 Reinhold,

62 1627 1 4 *
86 1626 46 26 jon.

88 1597 14 20 f.
120 1598 61 23 1812,
227 1598 61 20 1904.
319 1598 73 26 Major
407 1598 37 20 vid
459 1595 49 24 Äbo
522 1598 85 21 indelta
620 1599 72 20 batal-

173 1624 185 24 Öfversteafsked
387 1629 62 19 1868.
491 1628 154 21 Innehafvare
670 1628 23 20 af

88 1656 74 25 Sjölax
183 1657 168 20 fideikommiss
371 1658 6 19 i
398 1658 92 20 Kimito.

118 1684 91 27 1863/64
226 1686 6 20 i
249 1686 159 27 ridderskapet
424 1688 42 19 och
484 1688 73 21 adeln,

590 1688 78 26 Suppl.
686 1686 6 20 i

87 1715 125 22 Bev.-utsk.
230 1713 41 27 (till
288 1717 26 20 19
327 1716 45 22 okt.
390 1715 74 23 1863).

730 192 161 29 Jägerskjöld,
908 193 85 23 Gustaf
1009 194 102 22 Mauritz
1129 193 116 27 Leonard,

734 232 14 20 f.
773 233 62 23 1831,
857 230 14 25 %
897 233 61 19 1871.
997 232 190 26 Kaptenlöjtnant
1209 232 38 20 vid
1268 232 67 26 ryska

733 262 88 21 flottan.

764 290 91 28 1863/64
872 292 6 20 i
895 292 157 26 ridderskapet
1069 292 42 20 och
1129 292 66 21 adeln
1215 289 44 27 (för
1275 292 59 20 ätten

733 319 138 27 Jerlström).

764 352 54 20 1867
837 349 14 27 (i
865 350 90 28 början)
973 352 5 20 i
993 352 156 26 ridderskapet
1164 352 42 20 och
1221 351 72 21 adeln.

730 407 160 29 Jägerskiöld,
908 408 89 22 Krister
1013 408 91 28 Ludvig
1120 408 102 26 Edvard,

733 447 14 21 f.
762 448 62 20 1856.
845 446 159 27 Stabskapten.
1025 447 84 20 Kassör
1121 447 6 20 i
1139 446 112 21 Finlands
1263 445 71 21 Bank.

732 476 129 27 Adopterad
905 477 96 20 friherre
1046 476 288 26 Hisinger-Jäger-

732 506 111 22 skiöld
863 508 84 20 1906.

763 537 55 21 1894
841 537 6 20 i
870 536 157 26 ridderskapet
1050 537 42 20 och
1116 537 73 20 adeln.

732 567 51 20 Bev,
801 567 59 20 utsk.

764 597 54 20 1897
841 596 7 21 i
870 596 157 26 ridderskapet
1050 597 43 20 och
1115 596 68 21 adeln
1208 593 44 27 (för
1273 596 61 20 ätten

732 623 109 27 Ekbom).
855 626 78 26 Suppl.
949 626 6 21 i
968 626 192 21 Riddarhusutsk.
1178 623 36 27 (fr.
1228 627 13 19 2
1254 622 79 27 mars).

762 657 56 20 1899
840 656 7 20 i
870 656 158 26 ridderskapet
1050 657 43 19 och
1116 656 73 21 adeln.
1228 655 78 26 Suppl
1328 654 6 20 i

731 686 191 21 Riddarhusutsk.

762 716 55 20 1900
840 716 7 20 i
869 716 158 26 ridderskapet
1050 716 42 20 och
1115 716 68 20 adeln
1208 713 43 27 (för
1274 716 59 20 ätten

731 743 204 29 Glansenstjerna).
966 746 53 21 Led.
1035 746 7 20 i
1055 745 192 22 Riddarhusutsk.

1228 536 77 26 Suppl.
1329 534 5 20 i

762 774 91 27 1904/05
870 776 6 20 i
893 776 158 26 ridderskapet
1067 776 43 20 och
1127 776 66 20 adeln
1213 772 44 27 (för
1273 775 60 20 ätten
1349 774 2 18 :

731 803 105 27 Pinello).

761 834 92 27 1905/06
870 836 5 20 i
893 836 156 26 ridderskapet
1067 836 42 20 och
1126 836 67 20 adeln
1213 832 44 27 (för
1273 835 60 20 ätten

730 862 105 27 Pinello).

727 915 162 29 Jägerskjöld,
906 916 91 24 Krister
1008 916 89 24 Robert
1113 916 58 22 Otto
1189 915 101 29 Edgard,

730 955 14 21 f.
761 956 62 20 1852.
854 955 243 26 Vicehäradshöfding.
1129 955 204 21 Hofrättsassessor

730 986 6 20 i
747 981 49 25 Äbo
808 986 151 20 1895—1903.
986 985 152 21 Innehafvare
1148 985 24 20 af
1182 984 77 26 Sjölax
1270 983 63 21 fidei-

730 1015 111 21 kommiss
858 1016 6 19 i
882 1015 92 21 Kimito.

761 1046 54 20 1882
839 1045 6 20 i
867 1045 158 26 ridderskapet
1048 1046 43 19 och
1113 1045 73 21 adeln.

730 1075 72 20 Ekon.
818 1075 59 20 utsk.
897 1072 36 27 (fr.
949 1076 26 19 21
992 1072 67 29 apr.).

761 1106 54 19 1888
827 1105 6 20 i
845 1104 158 26 ridderskapet
1014 1105 43 21 och
1069 1105 72 21 adeln.
1169 1104 78 26 Suppl.
1260 1104 6 20 i
1277 1104 55 25 Lag-

729 1135 59 20 utsk.
807 1132 35 27 (fr.
860 1136 25 19 17
900 1132 69 27 mars)
989 1135 42 20 och
1045 1135 6 20 i
1067 1134 181 26 Strafflagsutsk.

761 1165 53 20 1891
839 1164 6 20 i
868 1164 157 26 ridderskapet
1047 1165 43 19 och
1113 1164 73 20 adeln.
1225 1163 78 26 Suppl.
1326 1162 5 20 i

729 1194 106 26 Lagutsk.

760 1225 54 20 1897
832 1226 5 20 i
855 1224 157 26 ridderskapet
1029 1225 43 20 och
1089 1224 72 20 adeln.
1195 1223 78 26 Suppl.
1290 1222 42 21 och

731 1251 35 27 (fr.
785 1255 9 19 1
812 1251 56 29 apr.)
889 1254 41 20 led.
947 1254 7 20 i
969 1254 108 26 Lagutsk.
1109 1254 78 26 Suppl.
1204 1254 43 20 och
1267 1249 35 27 (fr.
1319 1253 12 19 2

728 1281 69 27 mars)
818 1284 41 20 led.
879 1284 5 20 i
901 1284 191 20 Riddarhusutsk.

759 1314 55 20 1900
837 1314 6 20 i
866 1314 159 26 ridderskapet
1047 1314 42 20 och
1113 1314 72 20 adeln.

728 1343 73 21 Ekon.
817 1343 60 21 utsk.
897 1340 35 27 (fr.
949 1343 27 21 20
992 1340 66 29 apr.).

759 1371 91 27 1904/05
867 1373 6 20 i
891 1373 158 26 ridderskapet
1066 1374 43 20 och
1125 1373 72 21 adeln.

759 1401 92 27 1905/06
868 1403 5 20 i
891 1402 158 27 ridderskapet
1065 1403 43 20 och
1125 1402 73 21 adeln.

724 1446 105 28 Jämsén,
846 1447 81 27 Vilho,

728 1486 14 20 f.
763 1487 62 19 1871.
859 1486 220 26 Tidningsredaktör
1098 1486 7 20 i
1122 1486 72 20 Kemi.

759 1514 92 27 1905/06
869 1515 131 26 fullmäktig
1016 1515 36 21 för
1070 1515 66 21 Kemi
1153 1516 57 20 stad.

725 1559 82 27 Jäntti,
824 1559 67 27 Abel,

727 1598 15 20 f.
760 1600 63 22 1829,
839 1596 14 25 T
871 1599 62 20 1906.

727 1628 55 20 kare
795 1628 7 20 i
816 1628 117 20 Pielavesi.

1224 1312 77 26 Suppl.
1326 1311 5 20 i

965 1598 187 20 Landthandlare
1167 1598 43 20 och
1226 1597 105 26 jordbru-

1225 1044 78 26 Suppl.
1327 1042 6 21 i
1348 1051 2 4 |

758 1656 92 26 1877/78
872 1657 131 26 fullmäktig
1025 1658 36 20 för
1083 1657 109 21 Pielavesi
1215 1657 133 24 domsaga.
1340 1652 12 35 '

727 1688 53 20 Led.
796 1688 6 19 i
818 1688 52 20 Bev.
886 1687 59 21 utsk.
965 1684 35 27 (fr.
1024 1688 2 19 1
1043 1687 46 26 maj
1106 1684 63 27 1877)
1188 1686 43 20 och
1246 1686 6 20 i
1268 1685 63 20 först.

728 1717 120 20 Statsutsk.
