<?xml version="1.0" encoding="UTF-8"?>
<alto xmlns="http://www.loc.gov/standards/alto/ns-v3#" xmlns:xlink="http://www.w3.org/1999/xlink" xmlns:xsi="http://www.w3.org/2001/XMLSchema-instance" xsi:schemaLocation="http://www.loc.gov/standards/alto/ns-v3# http://www.loc.gov/alto/v3/alto-3-0.xsd">
	<Description>
		<MeasurementUnit>pixel</MeasurementUnit>
		<sourceImageInformation>
			<fileName>/tmp/tess_4_yt6iyr_input.PNG</fileName>
		</sourceImageInformation>
		<OCRProcessing ID="OCR_0">
			<ocrProcessingStep>
				<processingSoftware>
					<softwareName>tesseract 5.3.4</softwareName>
				</processingSoftware>
			</ocrProcessingStep>
		</OCRProcessing>
	</Description>
	<Layout>
		<Page WIDTH="1509" HEIGHT="1870" PHYSICAL_IMG_NR="0" ID="page_0">
			<PrintSpace HPOS="0" VPOS="0" WIDTH="1509" HEIGHT="1870">
				<ComposedBlock ID="cblock_0" HPOS="122" VPOS="81" WIDTH="36" HEIGHT="18">
					<TextBlock ID="block_0" HPOS="122" VPOS="81" WIDTH="36" HEIGHT="18">
						<TextLine ID="line_0" HPOS="122" VPOS="81" WIDTH="36" HEIGHT="18">
							<String ID="string_0" HPOS="122" VPOS="81" WIDTH="36" HEIGHT="18" WC="0.96" CONTENT="362"/>
						</TextLine>
					</TextBlock>
				</ComposedBlock>
				<ComposedBlock ID="cblock_1" HPOS="693" VPOS="81" WIDTH="154" HEIGHT="22">
					<TextBlock ID="block_1" HPOS="693" VPOS="81" WIDTH="154" HEIGHT="22">
						<TextLine ID="line_1" HPOS="693" VPOS="81" WIDTH="154" HEIGHT="22">
							<String ID="string_1" HPOS="693" VPOS="81" WIDTH="154" HEIGHT="22" WC="0.96" CONTENT="Personregister."/>
						</TextLine>
					</TextBlock>
				</ComposedBlock>
				<GraphicalElement ID="cblock_2" HPOS="697" VPOS="114" WIDTH="717" HEIGHT="8"></GraphicalElement >
				<GraphicalElement ID="cblock_3" HPOS="248" VPOS="121" WIDTH="1166" HEIGHT="6"></GraphicalElement >
				<ComposedBlock ID="cblock_4" HPOS="147" VPOS="153" WIDTH="343" HEIGHT="23">
					<TextBlock ID="block_2" HPOS="147" VPOS="153" WIDTH="343" HEIGHT="23">
						<TextLine ID="line_2" HPOS="147" VPOS="153" WIDTH="343" HEIGHT="23">
							<String ID="string_2" HPOS="147" VPOS="153" WIDTH="178" HEIGHT="23" WC="0.90" CONTENT="(Standertskjöld,"/><SP WIDTH="13" VPOS="153" HPOS="325"/>
							<String ID="string_3" HPOS="338" VPOS="154" WIDTH="46" HEIGHT="18" WC="0.93" CONTENT="Carl"/><SP WIDTH="13" VPOS="154" HPOS="384"/>
							<String ID="string_4" HPOS="397" VPOS="153" WIDTH="93" HEIGHT="23" WC="0.88" CONTENT="August,)"/>
						</TextLine>
					</TextBlock>
				</ComposedBlock>
				<ComposedBlock ID="cblock_5" HPOS="150" VPOS="204" WIDTH="605" HEIGHT="204">
					<TextBlock ID="block_3" HPOS="150" VPOS="204" WIDTH="603" HEIGHT="52">
						<TextLine ID="line_3" HPOS="182" VPOS="204" WIDTH="571" HEIGHT="27">
							<String ID="string_5" HPOS="182" VPOS="206" WIDTH="54" HEIGHT="20" WC="0.96" CONTENT="1897"/><SP WIDTH="17" VPOS="206" HPOS="236"/>
							<String ID="string_6" HPOS="253" VPOS="205" WIDTH="6" HEIGHT="20" WC="0.96" CONTENT="i"/><SP WIDTH="16" VPOS="205" HPOS="259"/>
							<String ID="string_7" HPOS="275" VPOS="205" WIDTH="158" HEIGHT="26" WC="0.96" CONTENT="ridderskapet"/><SP WIDTH="15" VPOS="205" HPOS="433"/>
							<String ID="string_8" HPOS="448" VPOS="205" WIDTH="43" HEIGHT="21" WC="0.96" CONTENT="och"/><SP WIDTH="15" VPOS="205" HPOS="491"/>
							<String ID="string_9" HPOS="506" VPOS="206" WIDTH="74" HEIGHT="20" WC="0.95" CONTENT="adeln."/><SP WIDTH="31" VPOS="206" HPOS="580"/>
							<String ID="string_10" HPOS="611" VPOS="205" WIDTH="53" HEIGHT="21" WC="0.77" CONTENT="Led."/><SP WIDTH="16" VPOS="205" HPOS="664"/>
							<String ID="string_11" HPOS="680" VPOS="205" WIDTH="6" HEIGHT="20" WC="0.93" CONTENT="i"/><SP WIDTH="16" VPOS="205" HPOS="686"/>
							<String ID="string_12" HPOS="702" VPOS="204" WIDTH="51" HEIGHT="22" WC="0.92" CONTENT="Rid-"/>
						</TextLine>
						<TextLine ID="line_4" HPOS="150" VPOS="235" WIDTH="148" HEIGHT="21">
							<String ID="string_13" HPOS="150" VPOS="235" WIDTH="148" HEIGHT="21" WC="0.89" CONTENT="darhusutsk."/>
						</TextLine>
					</TextBlock>
					<TextBlock ID="block_4" HPOS="182" VPOS="264" WIDTH="406" HEIGHT="27">
						<TextLine ID="line_5" HPOS="182" VPOS="264" WIDTH="406" HEIGHT="27">
							<String ID="string_14" HPOS="182" VPOS="266" WIDTH="55" HEIGHT="20" WC="0.96" CONTENT="1899"/><SP WIDTH="18" VPOS="266" HPOS="237"/>
							<String ID="string_15" HPOS="255" VPOS="264" WIDTH="7" HEIGHT="21" WC="0.96" CONTENT="i"/><SP WIDTH="17" VPOS="264" HPOS="262"/>
							<String ID="string_16" HPOS="279" VPOS="265" WIDTH="158" HEIGHT="26" WC="0.96" CONTENT="ridderskapet"/><SP WIDTH="17" VPOS="265" HPOS="437"/>
							<String ID="string_17" HPOS="454" VPOS="266" WIDTH="43" HEIGHT="20" WC="0.96" CONTENT="och"/><SP WIDTH="18" VPOS="266" HPOS="497"/>
							<String ID="string_18" HPOS="515" VPOS="265" WIDTH="73" HEIGHT="20" WC="0.96" CONTENT="adeln."/>
						</TextLine>
					</TextBlock>
					<TextBlock ID="block_5" HPOS="182" VPOS="294" WIDTH="406" HEIGHT="27">
						<TextLine ID="line_6" HPOS="182" VPOS="294" WIDTH="406" HEIGHT="27">
							<String ID="string_19" HPOS="182" VPOS="295" WIDTH="56" HEIGHT="21" WC="0.96" CONTENT="1900"/><SP WIDTH="18" VPOS="295" HPOS="238"/>
							<String ID="string_20" HPOS="256" VPOS="294" WIDTH="7" HEIGHT="21" WC="0.96" CONTENT="i"/><SP WIDTH="17" VPOS="294" HPOS="263"/>
							<String ID="string_21" HPOS="280" VPOS="295" WIDTH="157" HEIGHT="26" WC="0.96" CONTENT="ridderskapet"/><SP WIDTH="17" VPOS="295" HPOS="437"/>
							<String ID="string_22" HPOS="454" VPOS="295" WIDTH="43" HEIGHT="21" WC="0.96" CONTENT="och"/><SP WIDTH="17" VPOS="295" HPOS="497"/>
							<String ID="string_23" HPOS="514" VPOS="295" WIDTH="74" HEIGHT="20" WC="0.95" CONTENT="adeln."/>
						</TextLine>
					</TextBlock>
					<TextBlock ID="block_6" HPOS="182" VPOS="322" WIDTH="440" HEIGHT="29">
						<TextLine ID="line_7" HPOS="182" VPOS="322" WIDTH="440" HEIGHT="29">
							<String ID="string_24" HPOS="182" VPOS="322" WIDTH="92" HEIGHT="28" WC="0.91" CONTENT="1904/05"/><SP WIDTH="17" VPOS="322" HPOS="274"/>
							<String ID="string_25" HPOS="291" VPOS="324" WIDTH="6" HEIGHT="20" WC="0.96" CONTENT="i"/><SP WIDTH="17" VPOS="324" HPOS="297"/>
							<String ID="string_26" HPOS="314" VPOS="324" WIDTH="158" HEIGHT="27" WC="0.96" CONTENT="ridderskapet"/><SP WIDTH="17" VPOS="324" HPOS="472"/>
							<String ID="string_27" HPOS="489" VPOS="325" WIDTH="42" HEIGHT="20" WC="0.96" CONTENT="och"/><SP WIDTH="18" VPOS="325" HPOS="531"/>
							<String ID="string_28" HPOS="549" VPOS="325" WIDTH="73" HEIGHT="20" WC="0.96" CONTENT="adeln."/>
						</TextLine>
					</TextBlock>
					<TextBlock ID="block_7" HPOS="153" VPOS="351" WIDTH="602" HEIGHT="57">
						<TextLine ID="line_8" HPOS="183" VPOS="351" WIDTH="572" HEIGHT="29">
							<String ID="string_29" HPOS="183" VPOS="352" WIDTH="91" HEIGHT="27" WC="0.92" CONTENT="1905/06"/><SP WIDTH="14" VPOS="352" HPOS="274"/>
							<String ID="string_30" HPOS="288" VPOS="355" WIDTH="4" HEIGHT="19" WC="0.96" CONTENT="i"/><SP WIDTH="13" VPOS="355" HPOS="292"/>
							<String ID="string_31" HPOS="305" VPOS="354" WIDTH="158" HEIGHT="26" WC="0.96" CONTENT="ridderskapet"/><SP WIDTH="13" VPOS="354" HPOS="463"/>
							<String ID="string_32" HPOS="476" VPOS="355" WIDTH="42" HEIGHT="20" WC="0.96" CONTENT="och"/><SP WIDTH="14" VPOS="355" HPOS="518"/>
							<String ID="string_33" HPOS="532" VPOS="355" WIDTH="65" HEIGHT="20" WC="0.96" CONTENT="adeln"/><SP WIDTH="18" VPOS="355" HPOS="597"/>
							<String ID="string_34" HPOS="615" VPOS="351" WIDTH="41" HEIGHT="26" WC="0.95" CONTENT="(till"/><SP WIDTH="21" VPOS="351" HPOS="656"/>
							<String ID="string_35" HPOS="677" VPOS="355" WIDTH="3" HEIGHT="19" WC="0.96" CONTENT="2"/><SP WIDTH="15" VPOS="355" HPOS="680"/>
							<String ID="string_36" HPOS="695" VPOS="360" WIDTH="60" HEIGHT="14" WC="0.95" CONTENT="mars"/>
						</TextLine>
						<TextLine ID="line_9" HPOS="153" VPOS="381" WIDTH="73" HEIGHT="27">
							<String ID="string_37" HPOS="153" VPOS="381" WIDTH="73" HEIGHT="27" WC="0.96" CONTENT="1906)."/>
						</TextLine>
					</TextBlock>
				</ComposedBlock>
				<ComposedBlock ID="cblock_6" HPOS="148" VPOS="446" WIDTH="429" HEIGHT="29">
					<TextBlock ID="block_8" HPOS="148" VPOS="446" WIDTH="429" HEIGHT="29">
						<TextLine ID="line_10" HPOS="148" VPOS="446" WIDTH="429" HEIGHT="29">
							<String ID="string_38" HPOS="148" VPOS="446" WIDTH="202" HEIGHT="29" WC="0.89" CONTENT="Standertskjöld,"/><SP WIDTH="18" VPOS="446" HPOS="350"/>
							<String ID="string_39" HPOS="368" VPOS="447" WIDTH="94" HEIGHT="22" WC="0.96" CONTENT="Edvard"/><SP WIDTH="18" VPOS="447" HPOS="462"/>
							<String ID="string_40" HPOS="480" VPOS="447" WIDTH="97" HEIGHT="26" WC="0.96" CONTENT="Robert,"/>
						</TextLine>
					</TextBlock>
				</ComposedBlock>
				<ComposedBlock ID="cblock_7" HPOS="151" VPOS="485" WIDTH="524" HEIGHT="57">
					<TextBlock ID="block_9" HPOS="151" VPOS="485" WIDTH="524" HEIGHT="57">
						<TextLine ID="line_11" HPOS="151" VPOS="485" WIDTH="524" HEIGHT="27">
							<String ID="string_41" HPOS="151" VPOS="485" WIDTH="103" HEIGHT="25" WC="0.93" CONTENT="friherre,"/><SP WIDTH="21" VPOS="485" HPOS="254"/>
							<String ID="string_42" HPOS="275" VPOS="486" WIDTH="15" HEIGHT="20" WC="0.89" CONTENT="f."/><SP WIDTH="22" VPOS="486" HPOS="290"/>
							<String ID="string_43" HPOS="312" VPOS="487" WIDTH="62" HEIGHT="20" WC="0.95" CONTENT="1859."/><SP WIDTH="35" VPOS="487" HPOS="374"/>
							<String ID="string_44" HPOS="409" VPOS="486" WIDTH="116" HEIGHT="26" WC="0.96" CONTENT="Löjtnant,"/><SP WIDTH="20" VPOS="486" HPOS="525"/>
							<String ID="string_45" HPOS="545" VPOS="486" WIDTH="130" HEIGHT="26" WC="0.96" CONTENT="godsägare."/>
						</TextLine>
						<TextLine ID="line_12" HPOS="183" VPOS="516" WIDTH="405" HEIGHT="26">
							<String ID="string_46" HPOS="183" VPOS="517" WIDTH="55" HEIGHT="19" WC="0.95" CONTENT="1888"/><SP WIDTH="17" VPOS="517" HPOS="238"/>
							<String ID="string_47" HPOS="255" VPOS="516" WIDTH="6" HEIGHT="20" WC="0.95" CONTENT="i"/><SP WIDTH="18" VPOS="516" HPOS="261"/>
							<String ID="string_48" HPOS="279" VPOS="516" WIDTH="157" HEIGHT="26" WC="0.96" CONTENT="ridderskapet"/><SP WIDTH="18" VPOS="516" HPOS="436"/>
							<String ID="string_49" HPOS="454" VPOS="516" WIDTH="43" HEIGHT="21" WC="0.96" CONTENT="och"/><SP WIDTH="19" VPOS="516" HPOS="497"/>
							<String ID="string_50" HPOS="516" VPOS="516" WIDTH="72" HEIGHT="20" WC="0.96" CONTENT="adeln."/>
						</TextLine>
					</TextBlock>
				</ComposedBlock>
				<ComposedBlock ID="cblock_8" HPOS="126" VPOS="577" WIDTH="487" HEIGHT="29">
					<TextBlock ID="block_10" HPOS="126" VPOS="577" WIDTH="487" HEIGHT="29">
						<TextLine ID="line_13" HPOS="126" VPOS="577" WIDTH="487" HEIGHT="29">
							<String ID="string_51" HPOS="126" VPOS="577" WIDTH="1" HEIGHT="4" WC="0.20" CONTENT=";"/><SP WIDTH="22" VPOS="577" HPOS="127"/>
							<String ID="string_52" HPOS="149" VPOS="578" WIDTH="201" HEIGHT="28" WC="0.95" CONTENT="Standertskjöld,"/><SP WIDTH="18" VPOS="578" HPOS="350"/>
							<String ID="string_53" HPOS="368" VPOS="579" WIDTH="89" HEIGHT="22" WC="0.96" CONTENT="Henrik"/><SP WIDTH="18" VPOS="579" HPOS="457"/>
							<String ID="string_54" HPOS="475" VPOS="578" WIDTH="54" HEIGHT="22" WC="0.96" CONTENT="Carl"/><SP WIDTH="19" VPOS="578" HPOS="529"/>
							<String ID="string_55" HPOS="548" VPOS="579" WIDTH="65" HEIGHT="25" WC="0.96" CONTENT="Axel,"/>
						</TextLine>
					</TextBlock>
				</ComposedBlock>
				<ComposedBlock ID="cblock_9" HPOS="152" VPOS="617" WIDTH="603" HEIGHT="56">
					<TextBlock ID="block_11" HPOS="152" VPOS="617" WIDTH="603" HEIGHT="56">
						<TextLine ID="line_14" HPOS="152" VPOS="617" WIDTH="264" HEIGHT="26">
							<String ID="string_56" HPOS="152" VPOS="617" WIDTH="14" HEIGHT="20" WC="0.92" CONTENT="f."/><SP WIDTH="20" VPOS="617" HPOS="166"/>
							<String ID="string_57" HPOS="186" VPOS="618" WIDTH="62" HEIGHT="20" WC="0.90" CONTENT="1876."/><SP WIDTH="33" VPOS="618" HPOS="248"/>
							<String ID="string_58" HPOS="281" VPOS="617" WIDTH="135" HEIGHT="26" WC="0.87" CONTENT="Godsägare."/>
						</TextLine>
						<TextLine ID="line_15" HPOS="183" VPOS="644" WIDTH="572" HEIGHT="29">
							<String ID="string_59" HPOS="183" VPOS="645" WIDTH="92" HEIGHT="27" WC="0.92" CONTENT="1904/05"/><SP WIDTH="20" VPOS="645" HPOS="275"/>
							<String ID="string_60" HPOS="295" VPOS="647" WIDTH="6" HEIGHT="20" WC="0.93" CONTENT="i"/><SP WIDTH="19" VPOS="647" HPOS="301"/>
							<String ID="string_61" HPOS="320" VPOS="647" WIDTH="158" HEIGHT="26" WC="0.92" CONTENT="ridderskapet"/><SP WIDTH="20" VPOS="647" HPOS="478"/>
							<String ID="string_62" HPOS="498" VPOS="648" WIDTH="42" HEIGHT="19" WC="0.93" CONTENT="och"/><SP WIDTH="20" VPOS="648" HPOS="540"/>
							<String ID="string_63" HPOS="560" VPOS="647" WIDTH="66" HEIGHT="21" WC="0.91" CONTENT="adeln"/><SP WIDTH="22" VPOS="647" HPOS="626"/>
							<String ID="string_64" HPOS="648" VPOS="644" WIDTH="44" HEIGHT="27" WC="0.93" CONTENT="(för"/><SP WIDTH="20" VPOS="644" HPOS="692"/>
							<String ID="string_65" HPOS="712" VPOS="646" WIDTH="43" HEIGHT="21" WC="0.90" CONTENT="adl."/>
						</TextLine>
					</TextBlock>
				</ComposedBlock>
				<ComposedBlock ID="cblock_10" HPOS="126" VPOS="674" WIDTH="245" HEIGHT="31">
					<TextBlock ID="block_12" HPOS="126" VPOS="674" WIDTH="245" HEIGHT="31">
						<TextLine ID="line_16" HPOS="126" VPOS="674" WIDTH="245" HEIGHT="31">
							<String ID="string_66" HPOS="126" VPOS="689" WIDTH="1" HEIGHT="16" WC="0.62" CONTENT="&#39;"/><SP WIDTH="25" VPOS="689" HPOS="127"/>
							<String ID="string_67" HPOS="152" VPOS="678" WIDTH="59" HEIGHT="19" WC="0.95" CONTENT="ätten"/><SP WIDTH="22" VPOS="678" HPOS="211"/>
							<String ID="string_68" HPOS="233" VPOS="674" WIDTH="138" HEIGHT="28" WC="0.95" CONTENT="Cronstedt)."/>
						</TextLine>
					</TextBlock>
				</ComposedBlock>
				<ComposedBlock ID="cblock_11" HPOS="126" VPOS="738" WIDTH="631" HEIGHT="30">
					<TextBlock ID="block_13" HPOS="126" VPOS="738" WIDTH="631" HEIGHT="30">
						<TextLine ID="line_17" HPOS="126" VPOS="738" WIDTH="631" HEIGHT="30">
							<String ID="string_69" HPOS="126" VPOS="763" WIDTH="2" HEIGHT="2" WC="0.9" CONTENT="»"/><SP WIDTH="21" VPOS="763" HPOS="128"/>
							<String ID="string_70" HPOS="149" VPOS="738" WIDTH="201" HEIGHT="30" WC="0.96" CONTENT="Standertskjöld,"/><SP WIDTH="22" VPOS="738" HPOS="350"/>
							<String ID="string_71" HPOS="372" VPOS="740" WIDTH="91" HEIGHT="22" WC="0.96" CONTENT="Henrik"/><SP WIDTH="22" VPOS="740" HPOS="463"/>
							<String ID="string_72" HPOS="485" VPOS="740" WIDTH="55" HEIGHT="22" WC="0.96" CONTENT="Carl"/><SP WIDTH="17" VPOS="740" HPOS="540"/>
							<String ID="string_73" HPOS="557" VPOS="739" WIDTH="85" HEIGHT="23" WC="0.96" CONTENT="Gustaf"/><SP WIDTH="16" VPOS="739" HPOS="642"/>
							<String ID="string_74" HPOS="658" VPOS="739" WIDTH="99" HEIGHT="29" WC="0.96" CONTENT="August,"/>
						</TextLine>
					</TextBlock>
				</ComposedBlock>
				<ComposedBlock ID="cblock_12" HPOS="126" VPOS="778" WIDTH="630" HEIGHT="254">
					<TextBlock ID="block_14" HPOS="126" VPOS="778" WIDTH="630" HEIGHT="254">
						<TextLine ID="line_18" HPOS="152" VPOS="778" WIDTH="604" HEIGHT="27">
							<String ID="string_75" HPOS="152" VPOS="778" WIDTH="14" HEIGHT="20" WC="0.92" CONTENT="f."/><SP WIDTH="35" VPOS="778" HPOS="166"/>
							<String ID="string_76" HPOS="201" VPOS="779" WIDTH="61" HEIGHT="20" WC="0.92" CONTENT="1841."/><SP WIDTH="41" VPOS="779" HPOS="262"/>
							<String ID="string_77" HPOS="303" VPOS="779" WIDTH="111" HEIGHT="26" WC="0.80" CONTENT="Ingeniör."/><SP WIDTH="40" VPOS="779" HPOS="414"/>
							<String ID="string_78" HPOS="454" VPOS="778" WIDTH="302" HEIGHT="22" WC="0.43" CONTENT="Trafikdirektörsassistent"/>
						</TextLine>
						<TextLine ID="line_19" HPOS="126" VPOS="808" WIDTH="630" HEIGHT="22">
							<String ID="string_79" HPOS="126" VPOS="815" WIDTH="2" HEIGHT="2" WC="0.71" CONTENT="&#39;"/><SP WIDTH="25" VPOS="815" HPOS="128"/>
							<String ID="string_80" HPOS="153" VPOS="809" WIDTH="151" HEIGHT="21" WC="0.91" CONTENT="1883—1892."/><SP WIDTH="28" VPOS="809" HPOS="304"/>
							<String ID="string_81" HPOS="332" VPOS="809" WIDTH="152" HEIGHT="21" WC="0.91" CONTENT="Innehafvare"/><SP WIDTH="12" VPOS="809" HPOS="484"/>
							<String ID="string_82" HPOS="496" VPOS="809" WIDTH="24" HEIGHT="20" WC="0.93" CONTENT="af"/><SP WIDTH="10" VPOS="809" HPOS="520"/>
							<String ID="string_83" HPOS="530" VPOS="809" WIDTH="150" HEIGHT="20" WC="0.91" CONTENT="Vanaantaka"/><SP WIDTH="12" VPOS="809" HPOS="680"/>
							<String ID="string_84" HPOS="692" VPOS="808" WIDTH="64" HEIGHT="21" WC="0.92" CONTENT="fidei-"/>
						</TextLine>
						<TextLine ID="line_20" HPOS="152" VPOS="838" WIDTH="119" HEIGHT="21">
							<String ID="string_85" HPOS="152" VPOS="838" WIDTH="119" HEIGHT="21" WC="0.90" CONTENT="kommiss."/>
						</TextLine>
						<TextLine ID="line_21" HPOS="183" VPOS="873" WIDTH="572" HEIGHT="28">
							<String ID="string_86" HPOS="183" VPOS="873" WIDTH="92" HEIGHT="27" WC="0.91" CONTENT="1877/78"/><SP WIDTH="24" VPOS="873" HPOS="275"/>
							<String ID="string_87" HPOS="299" VPOS="875" WIDTH="6" HEIGHT="20" WC="0.92" CONTENT="i"/><SP WIDTH="23" VPOS="875" HPOS="305"/>
							<String ID="string_88" HPOS="328" VPOS="875" WIDTH="158" HEIGHT="26" WC="0.91" CONTENT="ridderskapet"/><SP WIDTH="24" VPOS="875" HPOS="486"/>
							<String ID="string_89" HPOS="510" VPOS="875" WIDTH="42" HEIGHT="20" WC="0.93" CONTENT="och"/><SP WIDTH="24" VPOS="875" HPOS="552"/>
							<String ID="string_90" HPOS="576" VPOS="875" WIDTH="72" HEIGHT="21" WC="0.92" CONTENT="adeln."/><SP WIDTH="32" VPOS="875" HPOS="648"/>
							<String ID="string_91" HPOS="680" VPOS="874" WIDTH="75" HEIGHT="21" WC="0.91" CONTENT="Led.i"/>
						</TextLine>
						<TextLine ID="line_22" HPOS="152" VPOS="905" WIDTH="154" HEIGHT="20">
							<String ID="string_92" HPOS="152" VPOS="905" WIDTH="77" HEIGHT="19" WC="0.91" CONTENT="Järnv."/><SP WIDTH="18" VPOS="905" HPOS="229"/>
							<String ID="string_93" HPOS="247" VPOS="905" WIDTH="59" HEIGHT="20" WC="0.92" CONTENT="utsk."/>
						</TextLine>
						<TextLine ID="line_23" HPOS="183" VPOS="939" WIDTH="572" HEIGHT="27">
							<String ID="string_94" HPOS="183" VPOS="941" WIDTH="55" HEIGHT="20" WC="0.96" CONTENT="1882"/><SP WIDTH="14" VPOS="941" HPOS="238"/>
							<String ID="string_95" HPOS="252" VPOS="940" WIDTH="6" HEIGHT="20" WC="0.93" CONTENT="i"/><SP WIDTH="14" VPOS="940" HPOS="258"/>
							<String ID="string_96" HPOS="272" VPOS="940" WIDTH="158" HEIGHT="26" WC="0.92" CONTENT="ridderskapet"/><SP WIDTH="13" VPOS="940" HPOS="430"/>
							<String ID="string_97" HPOS="443" VPOS="941" WIDTH="42" HEIGHT="20" WC="0.93" CONTENT="och"/><SP WIDTH="15" VPOS="941" HPOS="485"/>
							<String ID="string_98" HPOS="500" VPOS="941" WIDTH="72" HEIGHT="20" WC="0.90" CONTENT="adeln."/><SP WIDTH="30" VPOS="941" HPOS="572"/>
							<String ID="string_99" HPOS="602" VPOS="940" WIDTH="73" HEIGHT="21" WC="0.90" CONTENT="Led.i"/><SP WIDTH="14" VPOS="940" HPOS="675"/>
							<String ID="string_100" HPOS="689" VPOS="939" WIDTH="66" HEIGHT="21" WC="0.92" CONTENT="Allm."/>
						</TextLine>
						<TextLine ID="line_24" HPOS="152" VPOS="970" WIDTH="144" HEIGHT="20">
							<String ID="string_101" HPOS="152" VPOS="970" WIDTH="63" HEIGHT="20" WC="0.85" CONTENT="Besv."/><SP WIDTH="21" VPOS="970" HPOS="215"/>
							<String ID="string_102" HPOS="236" VPOS="970" WIDTH="60" HEIGHT="20" WC="0.92" CONTENT="utsk."/>
						</TextLine>
						<TextLine ID="line_25" HPOS="183" VPOS="1005" WIDTH="573" HEIGHT="27">
							<String ID="string_103" HPOS="183" VPOS="1007" WIDTH="55" HEIGHT="19" WC="0.96" CONTENT="1885"/><SP WIDTH="27" VPOS="1007" HPOS="238"/>
							<String ID="string_104" HPOS="265" VPOS="1006" WIDTH="6" HEIGHT="20" WC="0.91" CONTENT="i"/><SP WIDTH="25" VPOS="1006" HPOS="271"/>
							<String ID="string_105" HPOS="296" VPOS="1006" WIDTH="158" HEIGHT="26" WC="0.90" CONTENT="ridderskapet"/><SP WIDTH="26" VPOS="1006" HPOS="454"/>
							<String ID="string_106" HPOS="480" VPOS="1007" WIDTH="43" HEIGHT="19" WC="0.91" CONTENT="och"/><SP WIDTH="26" VPOS="1007" HPOS="523"/>
							<String ID="string_107" HPOS="549" VPOS="1006" WIDTH="73" HEIGHT="21" WC="0.88" CONTENT="adeln."/><SP WIDTH="34" VPOS="1006" HPOS="622"/>
							<String ID="string_108" HPOS="656" VPOS="1005" WIDTH="100" HEIGHT="21" WC="0.88" CONTENT="Elektor."/>
						</TextLine>
					</TextBlock>
				</ComposedBlock>
				<GraphicalElement ID="cblock_13" HPOS="127" VPOS="1026" WIDTH="1" HEIGHT="442"></GraphicalElement >
				<ComposedBlock ID="cblock_14" HPOS="151" VPOS="1035" WIDTH="606" HEIGHT="715">
					<TextBlock ID="block_15" HPOS="151" VPOS="1035" WIDTH="605" HEIGHT="171">
						<TextLine ID="line_26" HPOS="153" VPOS="1035" WIDTH="603" HEIGHT="25">
							<String ID="string_109" HPOS="153" VPOS="1035" WIDTH="51" HEIGHT="21" WC="0.74" CONTENT="Led."/><SP WIDTH="15" VPOS="1035" HPOS="204"/>
							<String ID="string_110" HPOS="219" VPOS="1035" WIDTH="6" HEIGHT="20" WC="0.74" CONTENT="i"/><SP WIDTH="15" VPOS="1035" HPOS="225"/>
							<String ID="string_111" HPOS="240" VPOS="1036" WIDTH="77" HEIGHT="20" WC="0.92" CONTENT="Järnv."/><SP WIDTH="15" VPOS="1036" HPOS="317"/>
							<String ID="string_112" HPOS="332" VPOS="1036" WIDTH="69" HEIGHT="24" WC="0.90" CONTENT="utsk.;"/><SP WIDTH="17" VPOS="1036" HPOS="401"/>
							<String ID="string_113" HPOS="418" VPOS="1036" WIDTH="4" HEIGHT="20" WC="0.93" CONTENT="i"/><SP WIDTH="12" VPOS="1036" HPOS="422"/>
							<String ID="string_114" HPOS="434" VPOS="1036" WIDTH="67" HEIGHT="20" WC="0.93" CONTENT="Allm."/><SP WIDTH="14" VPOS="1036" HPOS="501"/>
							<String ID="string_115" HPOS="515" VPOS="1036" WIDTH="64" HEIGHT="20" WC="0.89" CONTENT="Besv."/><SP WIDTH="14" VPOS="1036" HPOS="579"/>
							<String ID="string_116" HPOS="593" VPOS="1036" WIDTH="59" HEIGHT="20" WC="0.92" CONTENT="utsk."/><SP WIDTH="15" VPOS="1036" HPOS="652"/>
							<String ID="string_117" HPOS="667" VPOS="1036" WIDTH="43" HEIGHT="20" WC="0.96" CONTENT="och"/><SP WIDTH="13" VPOS="1036" HPOS="710"/>
							<String ID="string_118" HPOS="723" VPOS="1037" WIDTH="33" HEIGHT="18" WC="0.96" CONTENT="tre"/>
						</TextLine>
						<TextLine ID="line_27" HPOS="152" VPOS="1065" WIDTH="603" HEIGHT="26">
							<String ID="string_119" HPOS="152" VPOS="1065" WIDTH="84" HEIGHT="26" WC="0.96" CONTENT="gånger"/><SP WIDTH="14" VPOS="1065" HPOS="236"/>
							<String ID="string_120" HPOS="250" VPOS="1065" WIDTH="7" HEIGHT="20" WC="0.95" CONTENT="i"/><SP WIDTH="15" VPOS="1065" HPOS="257"/>
							<String ID="string_121" HPOS="272" VPOS="1065" WIDTH="64" HEIGHT="21" WC="0.93" CONTENT="först."/><SP WIDTH="17" VPOS="1065" HPOS="336"/>
							<String ID="string_122" HPOS="353" VPOS="1066" WIDTH="121" HEIGHT="20" WC="0.91" CONTENT="Statsutsk."/><SP WIDTH="32" VPOS="1066" HPOS="474"/>
							<String ID="string_123" HPOS="506" VPOS="1065" WIDTH="78" HEIGHT="26" WC="0.95" CONTENT="Suppl."/><SP WIDTH="17" VPOS="1065" HPOS="584"/>
							<String ID="string_124" HPOS="601" VPOS="1065" WIDTH="6" HEIGHT="21" WC="0.96" CONTENT="i"/><SP WIDTH="16" VPOS="1065" HPOS="607"/>
							<String ID="string_125" HPOS="623" VPOS="1065" WIDTH="57" HEIGHT="21" WC="0.93" CONTENT="Just."/><SP WIDTH="16" VPOS="1065" HPOS="680"/>
							<String ID="string_126" HPOS="696" VPOS="1065" WIDTH="59" HEIGHT="20" WC="0.93" CONTENT="utsk."/>
						</TextLine>
						<TextLine ID="line_28" HPOS="152" VPOS="1095" WIDTH="604" HEIGHT="26">
							<String ID="string_127" HPOS="152" VPOS="1095" WIDTH="176" HEIGHT="26" WC="0.92" CONTENT="Ridderskapets"/><SP WIDTH="25" VPOS="1095" HPOS="328"/>
							<String ID="string_128" HPOS="353" VPOS="1096" WIDTH="42" HEIGHT="20" WC="0.92" CONTENT="och"/><SP WIDTH="24" VPOS="1096" HPOS="395"/>
							<String ID="string_129" HPOS="419" VPOS="1096" WIDTH="78" HEIGHT="20" WC="0.92" CONTENT="adelns"/><SP WIDTH="17" VPOS="1096" HPOS="497"/>
							<String ID="string_130" HPOS="514" VPOS="1096" WIDTH="98" HEIGHT="20" WC="0.96" CONTENT="medlem"/><SP WIDTH="16" VPOS="1096" HPOS="612"/>
							<String ID="string_131" HPOS="628" VPOS="1097" WIDTH="8" HEIGHT="19" WC="0.93" CONTENT="i"/><SP WIDTH="15" VPOS="1097" HPOS="636"/>
							<String ID="string_132" HPOS="651" VPOS="1095" WIDTH="105" HEIGHT="21" WC="0.92" CONTENT="Ständer-"/>
						</TextLine>
						<TextLine ID="line_29" HPOS="151" VPOS="1124" WIDTH="605" HEIGHT="27">
							<String ID="string_133" HPOS="151" VPOS="1124" WIDTH="209" HEIGHT="26" WC="0.92" CONTENT="husdelegationen."/><SP WIDTH="27" VPOS="1124" HPOS="360"/>
							<String ID="string_134" HPOS="387" VPOS="1120" WIDTH="6" HEIGHT="36" WC="0.47" CONTENT="="/><SP WIDTH="5" VPOS="1120" HPOS="393"/>
							<String ID="string_135" HPOS="398" VPOS="1125" WIDTH="177" HEIGHT="26" WC="0.51" CONTENT="Ridderskapets"/><SP WIDTH="30" VPOS="1125" HPOS="575"/>
							<String ID="string_136" HPOS="605" VPOS="1125" WIDTH="42" HEIGHT="20" WC="0.88" CONTENT="och"/><SP WIDTH="31" VPOS="1125" HPOS="647"/>
							<String ID="string_137" HPOS="678" VPOS="1124" WIDTH="78" HEIGHT="21" WC="0.87" CONTENT="adelns"/>
						</TextLine>
						<TextLine ID="line_30" HPOS="152" VPOS="1154" WIDTH="603" HEIGHT="27">
							<String ID="string_138" HPOS="152" VPOS="1154" WIDTH="74" HEIGHT="26" WC="0.77" CONTENT="suppl."/><SP WIDTH="12" VPOS="1154" HPOS="226"/>
							<String ID="string_139" HPOS="238" VPOS="1154" WIDTH="7" HEIGHT="20" WC="0.93" CONTENT="i"/><SP WIDTH="11" VPOS="1154" HPOS="245"/>
							<String ID="string_140" HPOS="256" VPOS="1155" WIDTH="157" HEIGHT="25" WC="0.96" CONTENT="delegationen"/><SP WIDTH="11" VPOS="1155" HPOS="413"/>
							<String ID="string_141" HPOS="424" VPOS="1155" WIDTH="36" HEIGHT="21" WC="0.93" CONTENT="för"/><SP WIDTH="10" VPOS="1155" HPOS="460"/>
							<String ID="string_142" HPOS="470" VPOS="1155" WIDTH="145" HEIGHT="26" WC="0.90" CONTENT="uppresande"/><SP WIDTH="10" VPOS="1155" HPOS="615"/>
							<String ID="string_143" HPOS="625" VPOS="1154" WIDTH="24" HEIGHT="21" WC="0.97" CONTENT="af"/><SP WIDTH="10" VPOS="1154" HPOS="649"/>
							<String ID="string_144" HPOS="659" VPOS="1161" WIDTH="27" HEIGHT="14" WC="0.93" CONTENT="en"/><SP WIDTH="12" VPOS="1161" HPOS="686"/>
							<String ID="string_145" HPOS="698" VPOS="1154" WIDTH="57" HEIGHT="20" WC="0.92" CONTENT="min-"/>
						</TextLine>
						<TextLine ID="line_31" HPOS="152" VPOS="1184" WIDTH="320" HEIGHT="22">
							<String ID="string_146" HPOS="152" VPOS="1185" WIDTH="94" HEIGHT="20" WC="0.91" CONTENT="nesstod"/><SP WIDTH="15" VPOS="1185" HPOS="246"/>
							<String ID="string_147" HPOS="261" VPOS="1184" WIDTH="23" HEIGHT="21" WC="0.96" CONTENT="ät"/><SP WIDTH="16" VPOS="1184" HPOS="284"/>
							<String ID="string_148" HPOS="300" VPOS="1184" WIDTH="127" HEIGHT="22" WC="0.96" CONTENT="Alexander"/><SP WIDTH="17" VPOS="1184" HPOS="427"/>
							<String ID="string_149" HPOS="444" VPOS="1185" WIDTH="28" HEIGHT="20" WC="0.95" CONTENT="II."/>
						</TextLine>
					</TextBlock>
					<TextBlock ID="block_16" HPOS="153" VPOS="1220" WIDTH="603" HEIGHT="51">
						<TextLine ID="line_32" HPOS="183" VPOS="1220" WIDTH="573" HEIGHT="26">
							<String ID="string_150" HPOS="183" VPOS="1221" WIDTH="56" HEIGHT="20" WC="0.96" CONTENT="1888"/><SP WIDTH="24" VPOS="1221" HPOS="239"/>
							<String ID="string_151" HPOS="263" VPOS="1220" WIDTH="7" HEIGHT="20" WC="0.93" CONTENT="i"/><SP WIDTH="23" VPOS="1220" HPOS="270"/>
							<String ID="string_152" HPOS="293" VPOS="1220" WIDTH="159" HEIGHT="26" WC="0.96" CONTENT="ridderskapet"/><SP WIDTH="24" VPOS="1220" HPOS="452"/>
							<String ID="string_153" HPOS="476" VPOS="1221" WIDTH="42" HEIGHT="20" WC="0.93" CONTENT="och"/><SP WIDTH="25" VPOS="1221" HPOS="518"/>
							<String ID="string_154" HPOS="543" VPOS="1220" WIDTH="73" HEIGHT="21" WC="0.93" CONTENT="adeln."/><SP WIDTH="41" VPOS="1220" HPOS="616"/>
							<String ID="string_155" HPOS="657" VPOS="1220" WIDTH="99" HEIGHT="20" WC="0.74" CONTENT="Elektor."/>
						</TextLine>
						<TextLine ID="line_33" HPOS="153" VPOS="1249" WIDTH="531" HEIGHT="22">
							<String ID="string_156" HPOS="153" VPOS="1250" WIDTH="52" HEIGHT="20" WC="0.93" CONTENT="Led."/><SP WIDTH="15" VPOS="1250" HPOS="205"/>
							<String ID="string_157" HPOS="220" VPOS="1249" WIDTH="6" HEIGHT="21" WC="0.93" CONTENT="i"/><SP WIDTH="14" VPOS="1249" HPOS="226"/>
							<String ID="string_158" HPOS="240" VPOS="1250" WIDTH="78" HEIGHT="20" WC="0.92" CONTENT="Järnv."/><SP WIDTH="15" VPOS="1250" HPOS="318"/>
							<String ID="string_159" HPOS="333" VPOS="1250" WIDTH="59" HEIGHT="21" WC="0.92" CONTENT="utsk."/><SP WIDTH="15" VPOS="1250" HPOS="392"/>
							<String ID="string_160" HPOS="407" VPOS="1250" WIDTH="43" HEIGHT="20" WC="0.96" CONTENT="och"/><SP WIDTH="5" VPOS="1250" HPOS="450"/>
							<String ID="string_161" HPOS="455" VPOS="1245" WIDTH="12" HEIGHT="35" WC="0.96" CONTENT="i"/><SP WIDTH="19" VPOS="1245" HPOS="467"/>
							<String ID="string_162" HPOS="486" VPOS="1250" WIDTH="63" HEIGHT="21" WC="0.93" CONTENT="först."/><SP WIDTH="15" VPOS="1250" HPOS="549"/>
							<String ID="string_163" HPOS="564" VPOS="1250" WIDTH="120" HEIGHT="20" WC="0.91" CONTENT="Statsutsk."/>
						</TextLine>
					</TextBlock>
					<TextBlock ID="block_17" HPOS="152" VPOS="1285" WIDTH="604" HEIGHT="80">
						<TextLine ID="line_34" HPOS="183" VPOS="1285" WIDTH="573" HEIGHT="27">
							<String ID="string_164" HPOS="183" VPOS="1286" WIDTH="54" HEIGHT="20" WC="0.96" CONTENT="1891"/><SP WIDTH="27" VPOS="1286" HPOS="237"/>
							<String ID="string_165" HPOS="264" VPOS="1285" WIDTH="7" HEIGHT="21" WC="0.93" CONTENT="i"/><SP WIDTH="23" VPOS="1285" HPOS="271"/>
							<String ID="string_166" HPOS="294" VPOS="1286" WIDTH="158" HEIGHT="26" WC="0.96" CONTENT="ridderskapet"/><SP WIDTH="24" VPOS="1286" HPOS="452"/>
							<String ID="string_167" HPOS="476" VPOS="1286" WIDTH="43" HEIGHT="20" WC="0.93" CONTENT="och"/><SP WIDTH="24" VPOS="1286" HPOS="519"/>
							<String ID="string_168" HPOS="543" VPOS="1286" WIDTH="73" HEIGHT="20" WC="0.86" CONTENT="adeln."/><SP WIDTH="40" VPOS="1286" HPOS="616"/>
							<String ID="string_169" HPOS="656" VPOS="1285" WIDTH="100" HEIGHT="21" WC="0.77" CONTENT="Elektor."/>
						</TextLine>
						<TextLine ID="line_35" HPOS="152" VPOS="1314" WIDTH="604" HEIGHT="27">
							<String ID="string_170" HPOS="152" VPOS="1315" WIDTH="53" HEIGHT="21" WC="0.90" CONTENT="Led."/><SP WIDTH="17" VPOS="1315" HPOS="205"/>
							<String ID="string_171" HPOS="222" VPOS="1315" WIDTH="6" HEIGHT="21" WC="0.90" CONTENT="i"/><SP WIDTH="17" VPOS="1315" HPOS="228"/>
							<String ID="string_172" HPOS="245" VPOS="1315" WIDTH="52" HEIGHT="21" WC="0.92" CONTENT="Bev."/><SP WIDTH="15" VPOS="1315" HPOS="297"/>
							<String ID="string_173" HPOS="312" VPOS="1316" WIDTH="60" HEIGHT="20" WC="0.91" CONTENT="utsk."/><SP WIDTH="16" VPOS="1316" HPOS="372"/>
							<String ID="string_174" HPOS="388" VPOS="1316" WIDTH="44" HEIGHT="20" WC="0.96" CONTENT="och"/><SP WIDTH="16" VPOS="1316" HPOS="432"/>
							<String ID="string_175" HPOS="448" VPOS="1315" WIDTH="6" HEIGHT="21" WC="0.93" CONTENT="i"/><SP WIDTH="16" VPOS="1315" HPOS="454"/>
							<String ID="string_176" HPOS="470" VPOS="1316" WIDTH="77" HEIGHT="20" WC="0.92" CONTENT="Järnv."/><SP WIDTH="17" VPOS="1316" HPOS="547"/>
							<String ID="string_177" HPOS="564" VPOS="1315" WIDTH="60" HEIGHT="21" WC="0.86" CONTENT="utsk."/><SP WIDTH="32" VPOS="1315" HPOS="624"/>
							<String ID="string_178" HPOS="656" VPOS="1315" WIDTH="77" HEIGHT="26" WC="0.72" CONTENT="Suppl"/><SP WIDTH="16" VPOS="1315" HPOS="733"/>
							<String ID="string_179" HPOS="749" VPOS="1314" WIDTH="7" HEIGHT="20" WC="0.96" CONTENT="i"/>
						</TextLine>
						<TextLine ID="line_36" HPOS="153" VPOS="1345" WIDTH="121" HEIGHT="20">
							<String ID="string_180" HPOS="153" VPOS="1345" WIDTH="121" HEIGHT="20" WC="0.91" CONTENT="Statsutsk."/>
						</TextLine>
					</TextBlock>
					<TextBlock ID="block_18" HPOS="153" VPOS="1380" WIDTH="602" HEIGHT="51">
						<TextLine ID="line_37" HPOS="184" VPOS="1380" WIDTH="571" HEIGHT="27">
							<String ID="string_181" HPOS="184" VPOS="1381" WIDTH="55" HEIGHT="20" WC="0.96" CONTENT="1894"/><SP WIDTH="12" VPOS="1381" HPOS="239"/>
							<String ID="string_182" HPOS="251" VPOS="1381" WIDTH="6" HEIGHT="20" WC="0.93" CONTENT="i"/><SP WIDTH="12" VPOS="1381" HPOS="257"/>
							<String ID="string_183" HPOS="269" VPOS="1381" WIDTH="157" HEIGHT="26" WC="0.92" CONTENT="ridderskapet"/><SP WIDTH="12" VPOS="1381" HPOS="426"/>
							<String ID="string_184" HPOS="438" VPOS="1381" WIDTH="42" HEIGHT="21" WC="0.93" CONTENT="och"/><SP WIDTH="12" VPOS="1381" HPOS="480"/>
							<String ID="string_185" HPOS="492" VPOS="1381" WIDTH="72" HEIGHT="21" WC="0.91" CONTENT="adeln."/><SP WIDTH="20" VPOS="1381" HPOS="564"/>
							<String ID="string_186" HPOS="584" VPOS="1380" WIDTH="99" HEIGHT="21" WC="0.91" CONTENT="Elektor."/><SP WIDTH="20" VPOS="1380" HPOS="683"/>
							<String ID="string_187" HPOS="703" VPOS="1380" WIDTH="52" HEIGHT="21" WC="0.96" CONTENT="Led."/>
						</TextLine>
						<TextLine ID="line_38" HPOS="153" VPOS="1410" WIDTH="141" HEIGHT="21">
							<String ID="string_188" HPOS="153" VPOS="1410" WIDTH="5" HEIGHT="20" WC="0.93" CONTENT="i"/><SP WIDTH="14" VPOS="1410" HPOS="158"/>
							<String ID="string_189" HPOS="172" VPOS="1410" WIDTH="122" HEIGHT="21" WC="0.85" CONTENT="Statsutsk."/>
						</TextLine>
					</TextBlock>
					<TextBlock ID="block_19" HPOS="152" VPOS="1445" WIDTH="604" HEIGHT="51">
						<TextLine ID="line_39" HPOS="184" VPOS="1445" WIDTH="572" HEIGHT="27">
							<String ID="string_190" HPOS="184" VPOS="1446" WIDTH="55" HEIGHT="20" WC="0.96" CONTENT="1897"/><SP WIDTH="12" VPOS="1446" HPOS="239"/>
							<String ID="string_191" HPOS="251" VPOS="1445" WIDTH="7" HEIGHT="21" WC="0.93" CONTENT="i"/><SP WIDTH="10" VPOS="1445" HPOS="258"/>
							<String ID="string_192" HPOS="268" VPOS="1445" WIDTH="158" HEIGHT="27" WC="0.92" CONTENT="ridderskapet"/><SP WIDTH="11" VPOS="1445" HPOS="426"/>
							<String ID="string_193" HPOS="437" VPOS="1446" WIDTH="43" HEIGHT="21" WC="0.93" CONTENT="och"/><SP WIDTH="12" VPOS="1446" HPOS="480"/>
							<String ID="string_194" HPOS="492" VPOS="1446" WIDTH="72" HEIGHT="20" WC="0.92" CONTENT="adeln."/><SP WIDTH="20" VPOS="1446" HPOS="564"/>
							<String ID="string_195" HPOS="584" VPOS="1445" WIDTH="99" HEIGHT="21" WC="0.92" CONTENT="Elektor."/><SP WIDTH="20" VPOS="1445" HPOS="683"/>
							<String ID="string_196" HPOS="703" VPOS="1445" WIDTH="53" HEIGHT="21" WC="0.96" CONTENT="Led."/>
						</TextLine>
						<TextLine ID="line_40" HPOS="152" VPOS="1475" WIDTH="145" HEIGHT="21">
							<String ID="string_197" HPOS="152" VPOS="1475" WIDTH="6" HEIGHT="20" WC="0.93" CONTENT="i"/><SP WIDTH="18" VPOS="1475" HPOS="158"/>
							<String ID="string_198" HPOS="176" VPOS="1475" WIDTH="121" HEIGHT="21" WC="0.92" CONTENT="Statsutsk."/>
						</TextLine>
					</TextBlock>
					<TextBlock ID="block_20" HPOS="152" VPOS="1511" WIDTH="603" HEIGHT="50">
						<TextLine ID="line_41" HPOS="184" VPOS="1511" WIDTH="571" HEIGHT="26">
							<String ID="string_199" HPOS="184" VPOS="1512" WIDTH="56" HEIGHT="19" WC="0.96" CONTENT="1899"/><SP WIDTH="12" VPOS="1512" HPOS="240"/>
							<String ID="string_200" HPOS="252" VPOS="1511" WIDTH="6" HEIGHT="20" WC="0.93" CONTENT="i"/><SP WIDTH="11" VPOS="1511" HPOS="258"/>
							<String ID="string_201" HPOS="269" VPOS="1511" WIDTH="157" HEIGHT="26" WC="0.92" CONTENT="ridderskapet"/><SP WIDTH="11" VPOS="1511" HPOS="426"/>
							<String ID="string_202" HPOS="437" VPOS="1512" WIDTH="43" HEIGHT="20" WC="0.93" CONTENT="och"/><SP WIDTH="11" VPOS="1512" HPOS="480"/>
							<String ID="string_203" HPOS="491" VPOS="1511" WIDTH="73" HEIGHT="21" WC="0.89" CONTENT="adeln."/><SP WIDTH="20" VPOS="1511" HPOS="564"/>
							<String ID="string_204" HPOS="584" VPOS="1511" WIDTH="99" HEIGHT="20" WC="0.91" CONTENT="Elektor."/><SP WIDTH="19" VPOS="1511" HPOS="683"/>
							<String ID="string_205" HPOS="702" VPOS="1511" WIDTH="53" HEIGHT="20" WC="0.96" CONTENT="Led."/>
						</TextLine>
						<TextLine ID="line_42" HPOS="152" VPOS="1540" WIDTH="147" HEIGHT="21">
							<String ID="string_206" HPOS="152" VPOS="1540" WIDTH="6" HEIGHT="21" WC="0.93" CONTENT="i"/><SP WIDTH="20" VPOS="1540" HPOS="158"/>
							<String ID="string_207" HPOS="178" VPOS="1541" WIDTH="121" HEIGHT="20" WC="0.91" CONTENT="Statsutsk."/>
						</TextLine>
					</TextBlock>
					<TextBlock ID="block_21" HPOS="153" VPOS="1576" WIDTH="603" HEIGHT="50">
						<TextLine ID="line_43" HPOS="183" VPOS="1576" WIDTH="573" HEIGHT="27">
							<String ID="string_208" HPOS="183" VPOS="1576" WIDTH="57" HEIGHT="21" WC="0.96" CONTENT="1900"/><SP WIDTH="15" VPOS="1576" HPOS="240"/>
							<String ID="string_209" HPOS="255" VPOS="1577" WIDTH="6" HEIGHT="20" WC="0.93" CONTENT="i"/><SP WIDTH="14" VPOS="1577" HPOS="261"/>
							<String ID="string_210" HPOS="275" VPOS="1577" WIDTH="157" HEIGHT="26" WC="0.92" CONTENT="ridderskapet"/><SP WIDTH="15" VPOS="1577" HPOS="432"/>
							<String ID="string_211" HPOS="447" VPOS="1577" WIDTH="43" HEIGHT="20" WC="0.92" CONTENT="och"/><SP WIDTH="14" VPOS="1577" HPOS="490"/>
							<String ID="string_212" HPOS="504" VPOS="1577" WIDTH="73" HEIGHT="20" WC="0.92" CONTENT="adeln."/><SP WIDTH="23" VPOS="1577" HPOS="577"/>
							<String ID="string_213" HPOS="600" VPOS="1576" WIDTH="52" HEIGHT="21" WC="0.94" CONTENT="Led."/><SP WIDTH="16" VPOS="1576" HPOS="652"/>
							<String ID="string_214" HPOS="668" VPOS="1576" WIDTH="5" HEIGHT="21" WC="0.93" CONTENT="i"/><SP WIDTH="15" VPOS="1576" HPOS="673"/>
							<String ID="string_215" HPOS="688" VPOS="1577" WIDTH="68" HEIGHT="20" WC="0.91" CONTENT="Stats-"/>
						</TextLine>
						<TextLine ID="line_44" HPOS="153" VPOS="1606" WIDTH="58" HEIGHT="20">
							<String ID="string_216" HPOS="153" VPOS="1606" WIDTH="58" HEIGHT="20" WC="0.89" CONTENT="utsk."/>
						</TextLine>
					</TextBlock>
					<TextBlock ID="block_22" HPOS="153" VPOS="1634" WIDTH="603" HEIGHT="57">
						<TextLine ID="line_45" HPOS="184" VPOS="1634" WIDTH="572" HEIGHT="28">
							<String ID="string_217" HPOS="184" VPOS="1634" WIDTH="92" HEIGHT="25" WC="0.91" CONTENT="1904/05"/><SP WIDTH="17" VPOS="1634" HPOS="276"/>
							<String ID="string_218" HPOS="293" VPOS="1637" WIDTH="6" HEIGHT="21" WC="0.93" CONTENT="i"/><SP WIDTH="16" VPOS="1637" HPOS="299"/>
							<String ID="string_219" HPOS="315" VPOS="1636" WIDTH="159" HEIGHT="26" WC="0.91" CONTENT="ridderskapet"/><SP WIDTH="16" VPOS="1636" HPOS="474"/>
							<String ID="string_220" HPOS="490" VPOS="1636" WIDTH="43" HEIGHT="20" WC="0.93" CONTENT="och"/><SP WIDTH="17" VPOS="1636" HPOS="533"/>
							<String ID="string_221" HPOS="550" VPOS="1636" WIDTH="73" HEIGHT="20" WC="0.88" CONTENT="adeln."/><SP WIDTH="33" VPOS="1636" HPOS="623"/>
							<String ID="string_222" HPOS="656" VPOS="1635" WIDTH="100" HEIGHT="21" WC="0.88" CONTENT="Elektor."/>
						</TextLine>
						<TextLine ID="line_46" HPOS="153" VPOS="1662" WIDTH="603" HEIGHT="29">
							<String ID="string_223" HPOS="153" VPOS="1665" WIDTH="79" HEIGHT="26" WC="0.93" CONTENT="Suppl."/><SP WIDTH="15" VPOS="1665" HPOS="232"/>
							<String ID="string_224" HPOS="247" VPOS="1665" WIDTH="7" HEIGHT="21" WC="0.93" CONTENT="i"/><SP WIDTH="15" VPOS="1665" HPOS="254"/>
							<String ID="string_225" HPOS="269" VPOS="1666" WIDTH="75" HEIGHT="20" WC="0.93" CONTENT="Särsk."/><SP WIDTH="16" VPOS="1666" HPOS="344"/>
							<String ID="string_226" HPOS="360" VPOS="1666" WIDTH="63" HEIGHT="20" WC="0.92" CONTENT="Besv."/><SP WIDTH="16" VPOS="1666" HPOS="423"/>
							<String ID="string_227" HPOS="439" VPOS="1666" WIDTH="59" HEIGHT="20" WC="0.93" CONTENT="utsk."/><SP WIDTH="19" VPOS="1666" HPOS="498"/>
							<String ID="string_228" HPOS="517" VPOS="1662" WIDTH="35" HEIGHT="27" WC="0.96" CONTENT="(fr."/><SP WIDTH="17" VPOS="1662" HPOS="552"/>
							<String ID="string_229" HPOS="569" VPOS="1666" WIDTH="25" HEIGHT="20" WC="0.93" CONTENT="14"/><SP WIDTH="15" VPOS="1666" HPOS="594"/>
							<String ID="string_230" HPOS="609" VPOS="1665" WIDTH="56" HEIGHT="21" WC="0.96" CONTENT="febr."/><SP WIDTH="18" VPOS="1665" HPOS="665"/>
							<String ID="string_231" HPOS="683" VPOS="1662" WIDTH="73" HEIGHT="26" WC="0.96" CONTENT="1905)."/>
						</TextLine>
					</TextBlock>
					<TextBlock ID="block_23" HPOS="152" VPOS="1693" WIDTH="605" HEIGHT="57">
						<TextLine ID="line_47" HPOS="184" VPOS="1693" WIDTH="573" HEIGHT="28">
							<String ID="string_232" HPOS="184" VPOS="1693" WIDTH="93" HEIGHT="26" WC="0.92" CONTENT="1905/06"/><SP WIDTH="15" VPOS="1693" HPOS="277"/>
							<String ID="string_233" HPOS="292" VPOS="1695" WIDTH="7" HEIGHT="21" WC="0.93" CONTENT="i"/><SP WIDTH="17" VPOS="1695" HPOS="299"/>
							<String ID="string_234" HPOS="316" VPOS="1695" WIDTH="157" HEIGHT="26" WC="0.96" CONTENT="ridderskapet"/><SP WIDTH="17" VPOS="1695" HPOS="473"/>
							<String ID="string_235" HPOS="490" VPOS="1696" WIDTH="44" HEIGHT="20" WC="0.93" CONTENT="och"/><SP WIDTH="16" VPOS="1696" HPOS="534"/>
							<String ID="string_236" HPOS="550" VPOS="1695" WIDTH="73" HEIGHT="21" WC="0.94" CONTENT="adeln."/><SP WIDTH="33" VPOS="1695" HPOS="623"/>
							<String ID="string_237" HPOS="656" VPOS="1695" WIDTH="77" HEIGHT="26" WC="0.71" CONTENT="Suppl."/><SP WIDTH="18" VPOS="1695" HPOS="733"/>
							<String ID="string_238" HPOS="751" VPOS="1693" WIDTH="6" HEIGHT="21" WC="0.96" CONTENT="i"/>
						</TextLine>
						<TextLine ID="line_48" HPOS="152" VPOS="1721" WIDTH="560" HEIGHT="29">
							<String ID="string_239" HPOS="152" VPOS="1724" WIDTH="175" HEIGHT="21" WC="0.90" CONTENT="Talmanskonf."/><SP WIDTH="34" VPOS="1724" HPOS="327"/>
							<String ID="string_240" HPOS="361" VPOS="1725" WIDTH="93" HEIGHT="21" WC="0.91" CONTENT="Elektor"/><SP WIDTH="18" VPOS="1725" HPOS="454"/>
							<String ID="string_241" HPOS="472" VPOS="1722" WIDTH="40" HEIGHT="23" WC="0.92" CONTENT="(till"/><SP WIDTH="18" VPOS="1722" HPOS="512"/>
							<String ID="string_242" HPOS="530" VPOS="1726" WIDTH="27" HEIGHT="19" WC="0.96" CONTENT="26"/><SP WIDTH="16" VPOS="1726" HPOS="557"/>
							<String ID="string_243" HPOS="573" VPOS="1730" WIDTH="47" HEIGHT="20" WC="0.96" CONTENT="apr."/><SP WIDTH="20" VPOS="1730" HPOS="620"/>
							<String ID="string_244" HPOS="640" VPOS="1721" WIDTH="72" HEIGHT="27" WC="0.94" CONTENT="1906)."/>
						</TextLine>
					</TextBlock>
				</ComposedBlock>
				<ComposedBlock ID="cblock_15" HPOS="788" VPOS="199" WIDTH="412" HEIGHT="29">
					<TextBlock ID="block_24" HPOS="788" VPOS="199" WIDTH="412" HEIGHT="29">
						<TextLine ID="line_49" HPOS="788" VPOS="199" WIDTH="412" HEIGHT="29">
							<String ID="string_245" HPOS="788" VPOS="199" WIDTH="201" HEIGHT="29" WC="0.91" CONTENT="Standertskjöld,"/><SP WIDTH="17" VPOS="199" HPOS="989"/>
							<String ID="string_246" HPOS="1006" VPOS="200" WIDTH="91" HEIGHT="22" WC="0.96" CONTENT="Henrik"/><SP WIDTH="16" VPOS="200" HPOS="1097"/>
							<String ID="string_247" HPOS="1113" VPOS="199" WIDTH="87" HEIGHT="26" WC="0.95" CONTENT="Johan,"/>
						</TextLine>
					</TextBlock>
				</ComposedBlock>
				<ComposedBlock ID="cblock_16" HPOS="790" VPOS="237" WIDTH="606" HEIGHT="27">
					<TextBlock ID="block_25" HPOS="790" VPOS="237" WIDTH="606" HEIGHT="27">
						<TextLine ID="line_50" HPOS="790" VPOS="237" WIDTH="606" HEIGHT="27">
							<String ID="string_248" HPOS="790" VPOS="240" WIDTH="15" HEIGHT="20" WC="0.91" CONTENT="f."/><SP WIDTH="16" VPOS="240" HPOS="805"/>
							<String ID="string_249" HPOS="821" VPOS="241" WIDTH="62" HEIGHT="23" WC="0.93" CONTENT="1811,"/><SP WIDTH="14" VPOS="241" HPOS="883"/>
							<String ID="string_250" HPOS="897" VPOS="237" WIDTH="14" HEIGHT="25" WC="0.33" CONTENT="T"/><SP WIDTH="16" VPOS="237" HPOS="911"/>
							<String ID="string_251" HPOS="927" VPOS="240" WIDTH="62" HEIGHT="20" WC="0.92" CONTENT="1899."/><SP WIDTH="21" VPOS="240" HPOS="989"/>
							<String ID="string_252" HPOS="1010" VPOS="238" WIDTH="185" HEIGHT="26" WC="0.91" CONTENT="Underlöjtnant,"/><SP WIDTH="14" VPOS="238" HPOS="1195"/>
							<String ID="string_253" HPOS="1209" VPOS="238" WIDTH="150" HEIGHT="21" WC="0.92" CONTENT="innehafvare"/><SP WIDTH="13" VPOS="238" HPOS="1359"/>
							<String ID="string_254" HPOS="1372" VPOS="238" WIDTH="24" HEIGHT="20" WC="0.96" CONTENT="af"/>
						</TextLine>
					</TextBlock>
				</ComposedBlock>
				<ComposedBlock ID="cblock_17" HPOS="790" VPOS="268" WIDTH="439" HEIGHT="56">
					<TextBlock ID="block_26" HPOS="790" VPOS="268" WIDTH="439" HEIGHT="56">
						<TextLine ID="line_51" HPOS="790" VPOS="268" WIDTH="345" HEIGHT="22">
							<String ID="string_255" HPOS="790" VPOS="269" WIDTH="149" HEIGHT="21" WC="0.91" CONTENT="Vanaantaka"/><SP WIDTH="21" VPOS="269" HPOS="939"/>
							<String ID="string_256" HPOS="960" VPOS="268" WIDTH="175" HEIGHT="22" WC="0.96" CONTENT="fideikommiss."/>
						</TextLine>
						<TextLine ID="line_52" HPOS="822" VPOS="298" WIDTH="407" HEIGHT="26">
							<String ID="string_257" HPOS="822" VPOS="300" WIDTH="54" HEIGHT="20" WC="0.96" CONTENT="1867"/><SP WIDTH="19" VPOS="300" HPOS="876"/>
							<String ID="string_258" HPOS="895" VPOS="299" WIDTH="6" HEIGHT="21" WC="0.96" CONTENT="i"/><SP WIDTH="18" VPOS="299" HPOS="901"/>
							<String ID="string_259" HPOS="919" VPOS="298" WIDTH="159" HEIGHT="26" WC="0.96" CONTENT="ridderskapet"/><SP WIDTH="16" VPOS="298" HPOS="1078"/>
							<String ID="string_260" HPOS="1094" VPOS="299" WIDTH="44" HEIGHT="20" WC="0.96" CONTENT="och"/><SP WIDTH="18" VPOS="299" HPOS="1138"/>
							<String ID="string_261" HPOS="1156" VPOS="298" WIDTH="73" HEIGHT="21" WC="0.96" CONTENT="adeln."/>
						</TextLine>
					</TextBlock>
				</ComposedBlock>
				<ComposedBlock ID="cblock_18" HPOS="788" VPOS="348" WIDTH="571" HEIGHT="67">
					<TextBlock ID="block_27" HPOS="788" VPOS="348" WIDTH="571" HEIGHT="67">
						<TextLine ID="line_53" HPOS="788" VPOS="348" WIDTH="402" HEIGHT="29">
							<String ID="string_262" HPOS="788" VPOS="348" WIDTH="200" HEIGHT="29" WC="0.91" CONTENT="Standertskjöld,"/><SP WIDTH="18" VPOS="348" HPOS="988"/>
							<String ID="string_263" HPOS="1006" VPOS="349" WIDTH="70" HEIGHT="28" WC="0.96" CONTENT="Hugo"/><SP WIDTH="17" VPOS="349" HPOS="1076"/>
							<String ID="string_264" HPOS="1093" VPOS="348" WIDTH="97" HEIGHT="28" WC="0.96" CONTENT="Robert,"/>
						</TextLine>
						<TextLine ID="line_54" HPOS="791" VPOS="385" WIDTH="568" HEIGHT="30">
							<String ID="string_265" HPOS="791" VPOS="389" WIDTH="14" HEIGHT="21" WC="0.85" CONTENT="f."/><SP WIDTH="18" VPOS="389" HPOS="805"/>
							<String ID="string_266" HPOS="823" VPOS="390" WIDTH="61" HEIGHT="20" WC="0.93" CONTENT="1844."/><SP WIDTH="30" VPOS="390" HPOS="884"/>
							<String ID="string_267" HPOS="914" VPOS="385" WIDTH="111" HEIGHT="25" WC="0.91" CONTENT="Öfverste."/><SP WIDTH="31" VPOS="385" HPOS="1025"/>
							<String ID="string_268" HPOS="1056" VPOS="388" WIDTH="130" HEIGHT="26" WC="0.92" CONTENT="Godsägare"/><SP WIDTH="13" VPOS="388" HPOS="1186"/>
							<String ID="string_269" HPOS="1199" VPOS="388" WIDTH="30" HEIGHT="27" WC="0.96" CONTENT="på"/><SP WIDTH="14" VPOS="388" HPOS="1229"/>
							<String ID="string_270" HPOS="1243" VPOS="388" WIDTH="116" HEIGHT="27" WC="0.96" CONTENT="Karlberg."/>
						</TextLine>
					</TextBlock>
				</ComposedBlock>
				<ComposedBlock ID="cblock_19" HPOS="822" VPOS="416" WIDTH="590" HEIGHT="28">
					<TextBlock ID="block_28" HPOS="822" VPOS="416" WIDTH="590" HEIGHT="28">
						<TextLine ID="line_55" HPOS="822" VPOS="416" WIDTH="590" HEIGHT="28">
							<String ID="string_271" HPOS="822" VPOS="420" WIDTH="54" HEIGHT="20" WC="0.96" CONTENT="1885"/><SP WIDTH="25" VPOS="420" HPOS="876"/>
							<String ID="string_272" HPOS="901" VPOS="419" WIDTH="5" HEIGHT="20" WC="0.96" CONTENT="i"/><SP WIDTH="25" VPOS="419" HPOS="906"/>
							<String ID="string_273" HPOS="931" VPOS="418" WIDTH="159" HEIGHT="26" WC="0.96" CONTENT="ridderskapet"/><SP WIDTH="23" VPOS="418" HPOS="1090"/>
							<String ID="string_274" HPOS="1113" VPOS="419" WIDTH="43" HEIGHT="20" WC="0.96" CONTENT="och"/><SP WIDTH="24" VPOS="419" HPOS="1156"/>
							<String ID="string_275" HPOS="1180" VPOS="418" WIDTH="66" HEIGHT="21" WC="0.95" CONTENT="adeln"/><SP WIDTH="20" VPOS="418" HPOS="1246"/>
							<String ID="string_276" HPOS="1266" VPOS="416" WIDTH="44" HEIGHT="26" WC="0.96" CONTENT="(för"/><SP WIDTH="24" VPOS="416" HPOS="1310"/>
							<String ID="string_277" HPOS="1334" VPOS="419" WIDTH="78" HEIGHT="19" WC="0.93" CONTENT="ätten"/><SP WIDTH="-12" VPOS="419" HPOS="1412"/>
							<String ID="string_278" HPOS="1400" VPOS="412" WIDTH="15" HEIGHT="36" WC="0.92" CONTENT=":"/>
						</TextLine>
					</TextBlock>
				</ComposedBlock>
				<ComposedBlock ID="cblock_20" HPOS="790" VPOS="446" WIDTH="126" HEIGHT="27">
					<TextBlock ID="block_29" HPOS="790" VPOS="446" WIDTH="126" HEIGHT="27">
						<TextLine ID="line_56" HPOS="790" VPOS="446" WIDTH="126" HEIGHT="27">
							<String ID="string_279" HPOS="790" VPOS="446" WIDTH="126" HEIGHT="27" WC="0.90" CONTENT="Palmfelt)."/>
						</TextLine>
					</TextBlock>
				</ComposedBlock>
				<ComposedBlock ID="cblock_21" HPOS="789" VPOS="498" WIDTH="547" HEIGHT="28">
					<TextBlock ID="block_30" HPOS="789" VPOS="498" WIDTH="547" HEIGHT="28">
						<TextLine ID="line_57" HPOS="789" VPOS="498" WIDTH="547" HEIGHT="28">
							<String ID="string_280" HPOS="789" VPOS="498" WIDTH="200" HEIGHT="28" WC="0.89" CONTENT="Standertskjöld,"/><SP WIDTH="16" VPOS="498" HPOS="989"/>
							<String ID="string_281" HPOS="1005" VPOS="499" WIDTH="79" HEIGHT="22" WC="0.96" CONTENT="Johan"/><SP WIDTH="18" VPOS="499" HPOS="1084"/>
							<String ID="string_282" HPOS="1102" VPOS="498" WIDTH="98" HEIGHT="23" WC="0.96" CONTENT="Fredrik"/><SP WIDTH="18" VPOS="498" HPOS="1200"/>
							<String ID="string_283" HPOS="1218" VPOS="498" WIDTH="118" HEIGHT="27" WC="0.95" CONTENT="Wilhelm,"/>
						</TextLine>
					</TextBlock>
				</ComposedBlock>
				<ComposedBlock ID="cblock_22" HPOS="791" VPOS="534" WIDTH="602" HEIGHT="89">
					<TextBlock ID="block_31" HPOS="791" VPOS="534" WIDTH="602" HEIGHT="89">
						<TextLine ID="line_58" HPOS="791" VPOS="534" WIDTH="602" HEIGHT="29">
							<String ID="string_284" HPOS="791" VPOS="538" WIDTH="15" HEIGHT="20" WC="0.93" CONTENT="f."/><SP WIDTH="16" VPOS="538" HPOS="806"/>
							<String ID="string_285" HPOS="822" VPOS="538" WIDTH="62" HEIGHT="24" WC="0.96" CONTENT="1820,"/><SP WIDTH="14" VPOS="538" HPOS="884"/>
							<String ID="string_286" HPOS="898" VPOS="535" WIDTH="14" HEIGHT="25" WC="0.47" CONTENT="t"/><SP WIDTH="16" VPOS="535" HPOS="912"/>
							<String ID="string_287" HPOS="928" VPOS="539" WIDTH="60" HEIGHT="20" WC="0.93" CONTENT="1866."/><SP WIDTH="30" VPOS="539" HPOS="988"/>
							<String ID="string_288" HPOS="1018" VPOS="534" WIDTH="206" HEIGHT="29" WC="0.91" CONTENT="Öfverstelöjtnant"/><SP WIDTH="12" VPOS="534" HPOS="1224"/>
							<String ID="string_289" HPOS="1236" VPOS="537" WIDTH="39" HEIGHT="21" WC="0.93" CONTENT="vid"/><SP WIDTH="11" VPOS="537" HPOS="1275"/>
							<String ID="string_290" HPOS="1286" VPOS="538" WIDTH="52" HEIGHT="25" WC="0.92" CONTENT="väg-"/><SP WIDTH="14" VPOS="538" HPOS="1338"/>
							<String ID="string_291" HPOS="1352" VPOS="537" WIDTH="41" HEIGHT="21" WC="0.96" CONTENT="och"/>
						</TextLine>
						<TextLine ID="line_59" HPOS="791" VPOS="567" WIDTH="372" HEIGHT="22">
							<String ID="string_292" HPOS="791" VPOS="567" WIDTH="372" HEIGHT="22" WC="0.91" CONTENT="vattenkommunikationskåren."/>
						</TextLine>
						<TextLine ID="line_60" HPOS="822" VPOS="596" WIDTH="448" HEIGHT="27">
							<String ID="string_293" HPOS="822" VPOS="596" WIDTH="91" HEIGHT="27" WC="0.91" CONTENT="1863/64"/><SP WIDTH="20" VPOS="596" HPOS="913"/>
							<String ID="string_294" HPOS="933" VPOS="597" WIDTH="7" HEIGHT="21" WC="0.96" CONTENT="i"/><SP WIDTH="19" VPOS="597" HPOS="940"/>
							<String ID="string_295" HPOS="959" VPOS="597" WIDTH="158" HEIGHT="26" WC="0.96" CONTENT="ridderskapet"/><SP WIDTH="18" VPOS="597" HPOS="1117"/>
							<String ID="string_296" HPOS="1135" VPOS="598" WIDTH="43" HEIGHT="20" WC="0.96" CONTENT="och"/><SP WIDTH="20" VPOS="598" HPOS="1178"/>
							<String ID="string_297" HPOS="1198" VPOS="597" WIDTH="72" HEIGHT="21" WC="0.96" CONTENT="adeln."/>
						</TextLine>
					</TextBlock>
				</ComposedBlock>
				<ComposedBlock ID="cblock_23" HPOS="788" VPOS="646" WIDTH="482" HEIGHT="28">
					<TextBlock ID="block_32" HPOS="788" VPOS="646" WIDTH="482" HEIGHT="28">
						<TextLine ID="line_61" HPOS="788" VPOS="646" WIDTH="482" HEIGHT="28">
							<String ID="string_298" HPOS="788" VPOS="646" WIDTH="201" HEIGHT="28" WC="0.92" CONTENT="Standertskjöld,"/><SP WIDTH="17" VPOS="646" HPOS="989"/>
							<String ID="string_299" HPOS="1006" VPOS="647" WIDTH="56" HEIGHT="23" WC="0.96" CONTENT="Karl"/><SP WIDTH="16" VPOS="647" HPOS="1062"/>
							<String ID="string_300" HPOS="1078" VPOS="647" WIDTH="79" HEIGHT="23" WC="0.95" CONTENT="Johan"/><SP WIDTH="17" VPOS="647" HPOS="1157"/>
							<String ID="string_301" HPOS="1174" VPOS="647" WIDTH="96" HEIGHT="27" WC="0.96" CONTENT="Robert,"/>
						</TextLine>
					</TextBlock>
				</ComposedBlock>
				<ComposedBlock ID="cblock_24" HPOS="790" VPOS="685" WIDTH="605" HEIGHT="653">
					<TextBlock ID="block_33" HPOS="791" VPOS="685" WIDTH="604" HEIGHT="83">
						<TextLine ID="line_62" HPOS="792" VPOS="685" WIDTH="236" HEIGHT="26">
							<String ID="string_302" HPOS="792" VPOS="688" WIDTH="14" HEIGHT="20" WC="0.80" CONTENT="f."/><SP WIDTH="29" VPOS="688" HPOS="806"/>
							<String ID="string_303" HPOS="835" VPOS="688" WIDTH="61" HEIGHT="23" WC="0.92" CONTENT="1851,"/><SP WIDTH="27" VPOS="688" HPOS="896"/>
							<String ID="string_304" HPOS="923" VPOS="685" WIDTH="15" HEIGHT="25" WC="0.61" CONTENT="$"/><SP WIDTH="29" VPOS="685" HPOS="938"/>
							<String ID="string_305" HPOS="967" VPOS="688" WIDTH="61" HEIGHT="20" WC="0.96" CONTENT="1906."/>
						</TextLine>
						<TextLine ID="line_63" HPOS="791" VPOS="716" WIDTH="604" HEIGHT="27">
							<String ID="string_306" HPOS="791" VPOS="717" WIDTH="293" HEIGHT="21" WC="0.90" CONTENT="referendariesekreterare"/><SP WIDTH="19" VPOS="717" HPOS="1084"/>
							<String ID="string_307" HPOS="1103" VPOS="717" WIDTH="6" HEIGHT="20" WC="0.93" CONTENT="i"/><SP WIDTH="19" VPOS="717" HPOS="1109"/>
							<String ID="string_308" HPOS="1128" VPOS="716" WIDTH="267" HEIGHT="27" WC="0.90" CONTENT="justitiedepartementet"/>
						</TextLine>
						<TextLine ID="line_64" HPOS="792" VPOS="748" WIDTH="62" HEIGHT="20">
							<String ID="string_309" HPOS="792" VPOS="748" WIDTH="62" HEIGHT="20" WC="0.95" CONTENT="1897."/>
						</TextLine>
					</TextBlock>
					<TextBlock ID="block_34" HPOS="790" VPOS="774" WIDTH="604" HEIGHT="83">
						<TextLine ID="line_65" HPOS="823" VPOS="774" WIDTH="571" HEIGHT="28">
							<String ID="string_310" HPOS="823" VPOS="778" WIDTH="54" HEIGHT="20" WC="0.96" CONTENT="1882"/><SP WIDTH="12" VPOS="778" HPOS="877"/>
							<String ID="string_311" HPOS="889" VPOS="777" WIDTH="6" HEIGHT="20" WC="0.96" CONTENT="i"/><SP WIDTH="12" VPOS="777" HPOS="895"/>
							<String ID="string_312" HPOS="907" VPOS="777" WIDTH="159" HEIGHT="25" WC="0.96" CONTENT="ridderskapet"/><SP WIDTH="11" VPOS="777" HPOS="1066"/>
							<String ID="string_313" HPOS="1077" VPOS="777" WIDTH="43" HEIGHT="20" WC="0.95" CONTENT="och"/><SP WIDTH="12" VPOS="777" HPOS="1120"/>
							<String ID="string_314" HPOS="1132" VPOS="777" WIDTH="66" HEIGHT="20" WC="0.95" CONTENT="adeln"/><SP WIDTH="16" VPOS="777" HPOS="1198"/>
							<String ID="string_315" HPOS="1214" VPOS="774" WIDTH="45" HEIGHT="26" WC="0.92" CONTENT="(för"/><SP WIDTH="10" VPOS="774" HPOS="1259"/>
							<String ID="string_316" HPOS="1269" VPOS="776" WIDTH="53" HEIGHT="21" WC="0.92" CONTENT="frih."/><SP WIDTH="11" VPOS="776" HPOS="1322"/>
							<String ID="string_317" HPOS="1333" VPOS="777" WIDTH="61" HEIGHT="20" WC="0.96" CONTENT="ätten"/>
						</TextLine>
						<TextLine ID="line_66" HPOS="791" VPOS="803" WIDTH="603" HEIGHT="29">
							<String ID="string_318" HPOS="791" VPOS="804" WIDTH="104" HEIGHT="27" WC="0.95" CONTENT="Munck)."/><SP WIDTH="31" VPOS="804" HPOS="895"/>
							<String ID="string_319" HPOS="926" VPOS="807" WIDTH="78" HEIGHT="25" WC="0.90" CONTENT="Suppl."/><SP WIDTH="15" VPOS="807" HPOS="1004"/>
							<String ID="string_320" HPOS="1019" VPOS="807" WIDTH="43" HEIGHT="20" WC="0.96" CONTENT="och"/><SP WIDTH="18" VPOS="807" HPOS="1062"/>
							<String ID="string_321" HPOS="1080" VPOS="803" WIDTH="36" HEIGHT="27" WC="0.95" CONTENT="(fr."/><SP WIDTH="16" VPOS="803" HPOS="1116"/>
							<String ID="string_322" HPOS="1132" VPOS="807" WIDTH="27" HEIGHT="20" WC="0.96" CONTENT="25"/><SP WIDTH="15" VPOS="807" HPOS="1159"/>
							<String ID="string_323" HPOS="1174" VPOS="804" WIDTH="57" HEIGHT="28" WC="0.96" CONTENT="apr.)"/><SP WIDTH="18" VPOS="804" HPOS="1231"/>
							<String ID="string_324" HPOS="1249" VPOS="807" WIDTH="42" HEIGHT="20" WC="0.95" CONTENT="led."/><SP WIDTH="15" VPOS="807" HPOS="1291"/>
							<String ID="string_325" HPOS="1306" VPOS="806" WIDTH="6" HEIGHT="21" WC="0.95" CONTENT="i"/><SP WIDTH="15" VPOS="806" HPOS="1312"/>
							<String ID="string_326" HPOS="1327" VPOS="806" WIDTH="67" HEIGHT="20" WC="0.96" CONTENT="Allm."/>
						</TextLine>
						<TextLine ID="line_67" HPOS="790" VPOS="837" WIDTH="141" HEIGHT="20">
							<String ID="string_327" HPOS="790" VPOS="837" WIDTH="64" HEIGHT="20" WC="0.91" CONTENT="Besv."/><SP WIDTH="18" VPOS="837" HPOS="854"/>
							<String ID="string_328" HPOS="872" VPOS="837" WIDTH="59" HEIGHT="20" WC="0.91" CONTENT="utsk."/>
						</TextLine>
					</TextBlock>
					<TextBlock ID="block_35" HPOS="790" VPOS="863" WIDTH="604" HEIGHT="89">
						<TextLine ID="line_68" HPOS="822" VPOS="863" WIDTH="572" HEIGHT="29">
							<String ID="string_329" HPOS="822" VPOS="868" WIDTH="55" HEIGHT="19" WC="0.96" CONTENT="1885"/><SP WIDTH="13" VPOS="868" HPOS="877"/>
							<String ID="string_330" HPOS="890" VPOS="866" WIDTH="6" HEIGHT="21" WC="0.96" CONTENT="i"/><SP WIDTH="13" VPOS="866" HPOS="896"/>
							<String ID="string_331" HPOS="909" VPOS="866" WIDTH="158" HEIGHT="26" WC="0.96" CONTENT="ridderskapet"/><SP WIDTH="13" VPOS="866" HPOS="1067"/>
							<String ID="string_332" HPOS="1080" VPOS="866" WIDTH="44" HEIGHT="21" WC="0.96" CONTENT="och"/><SP WIDTH="12" VPOS="866" HPOS="1124"/>
							<String ID="string_333" HPOS="1136" VPOS="866" WIDTH="67" HEIGHT="21" WC="0.96" CONTENT="adeln"/><SP WIDTH="16" VPOS="866" HPOS="1203"/>
							<String ID="string_334" HPOS="1219" VPOS="863" WIDTH="44" HEIGHT="27" WC="0.96" CONTENT="(för"/><SP WIDTH="13" VPOS="863" HPOS="1263"/>
							<String ID="string_335" HPOS="1276" VPOS="866" WIDTH="43" HEIGHT="21" WC="0.96" CONTENT="adl."/><SP WIDTH="14" VPOS="866" HPOS="1319"/>
							<String ID="string_336" HPOS="1333" VPOS="866" WIDTH="61" HEIGHT="20" WC="0.96" CONTENT="ätten"/>
						</TextLine>
						<TextLine ID="line_69" HPOS="790" VPOS="894" WIDTH="604" HEIGHT="28">
							<String ID="string_337" HPOS="790" VPOS="894" WIDTH="163" HEIGHT="28" WC="0.89" CONTENT="Jägerskjöld)."/><SP WIDTH="41" VPOS="894" HPOS="953"/>
							<String ID="string_338" HPOS="994" VPOS="896" WIDTH="229" HEIGHT="21" WC="0.43" CONTENT=" Riddarhuskanslist"/><SP WIDTH="27" VPOS="896" HPOS="1223"/>
							<String ID="string_339" HPOS="1250" VPOS="896" WIDTH="42" HEIGHT="20" WC="0.95" CONTENT="och"/><SP WIDTH="27" VPOS="896" HPOS="1292"/>
							<String ID="string_340" HPOS="1319" VPOS="895" WIDTH="75" HEIGHT="21" WC="0.91" CONTENT="fiskal."/>
						</TextLine>
						<TextLine ID="line_70" HPOS="791" VPOS="923" WIDTH="453" HEIGHT="29">
							<String ID="string_341" HPOS="791" VPOS="926" WIDTH="78" HEIGHT="26" WC="0.95" CONTENT="Suppl."/><SP WIDTH="19" VPOS="926" HPOS="869"/>
							<String ID="string_342" HPOS="888" VPOS="926" WIDTH="7" HEIGHT="20" WC="0.96" CONTENT="i"/><SP WIDTH="17" VPOS="926" HPOS="895"/>
							<String ID="string_343" HPOS="912" VPOS="926" WIDTH="57" HEIGHT="26" WC="0.93" CONTENT="Exp."/><SP WIDTH="19" VPOS="926" HPOS="969"/>
							<String ID="string_344" HPOS="988" VPOS="926" WIDTH="59" HEIGHT="20" WC="0.92" CONTENT="utsk."/><SP WIDTH="22" VPOS="926" HPOS="1047"/>
							<String ID="string_345" HPOS="1069" VPOS="923" WIDTH="36" HEIGHT="27" WC="0.96" CONTENT="(fr."/><SP WIDTH="18" VPOS="923" HPOS="1105"/>
							<String ID="string_346" HPOS="1123" VPOS="927" WIDTH="25" HEIGHT="19" WC="0.92" CONTENT="21"/><SP WIDTH="20" VPOS="927" HPOS="1148"/>
							<String ID="string_347" HPOS="1168" VPOS="924" WIDTH="76" HEIGHT="26" WC="0.92" CONTENT="febr.)."/>
						</TextLine>
					</TextBlock>
					<TextBlock ID="block_36" HPOS="791" VPOS="952" WIDTH="604" HEIGHT="113">
						<TextLine ID="line_71" HPOS="823" VPOS="952" WIDTH="571" HEIGHT="29">
							<String ID="string_348" HPOS="823" VPOS="957" WIDTH="55" HEIGHT="20" WC="0.96" CONTENT="1888"/><SP WIDTH="11" VPOS="957" HPOS="878"/>
							<String ID="string_349" HPOS="889" VPOS="955" WIDTH="7" HEIGHT="21" WC="0.96" CONTENT="i"/><SP WIDTH="11" VPOS="955" HPOS="896"/>
							<String ID="string_350" HPOS="907" VPOS="955" WIDTH="159" HEIGHT="26" WC="0.96" CONTENT="ridderskapet"/><SP WIDTH="10" VPOS="955" HPOS="1066"/>
							<String ID="string_351" HPOS="1076" VPOS="956" WIDTH="43" HEIGHT="20" WC="0.96" CONTENT="och"/><SP WIDTH="12" VPOS="956" HPOS="1119"/>
							<String ID="string_352" HPOS="1131" VPOS="956" WIDTH="66" HEIGHT="20" WC="0.95" CONTENT="adeln"/><SP WIDTH="15" VPOS="956" HPOS="1197"/>
							<String ID="string_353" HPOS="1212" VPOS="952" WIDTH="45" HEIGHT="27" WC="0.95" CONTENT="(för"/><SP WIDTH="11" VPOS="952" HPOS="1257"/>
							<String ID="string_354" HPOS="1268" VPOS="955" WIDTH="53" HEIGHT="21" WC="0.96" CONTENT="frih."/><SP WIDTH="12" VPOS="955" HPOS="1321"/>
							<String ID="string_355" HPOS="1333" VPOS="956" WIDTH="61" HEIGHT="20" WC="0.96" CONTENT="ätten"/>
						</TextLine>
						<TextLine ID="line_72" HPOS="791" VPOS="983" WIDTH="603" HEIGHT="28">
							<String ID="string_356" HPOS="791" VPOS="983" WIDTH="95" HEIGHT="27" WC="0.93" CONTENT="Mellin)."/><SP WIDTH="25" VPOS="983" HPOS="886"/>
							<String ID="string_357" HPOS="911" VPOS="985" WIDTH="229" HEIGHT="21" WC="0.92" CONTENT="Riddarhuskanslist"/><SP WIDTH="18" VPOS="985" HPOS="1140"/>
							<String ID="string_358" HPOS="1158" VPOS="986" WIDTH="42" HEIGHT="20" WC="0.95" CONTENT="och"/><SP WIDTH="17" VPOS="986" HPOS="1200"/>
							<String ID="string_359" HPOS="1217" VPOS="985" WIDTH="74" HEIGHT="20" WC="0.95" CONTENT="fiskal."/><SP WIDTH="25" VPOS="985" HPOS="1291"/>
							<String ID="string_360" HPOS="1316" VPOS="985" WIDTH="78" HEIGHT="26" WC="0.95" CONTENT="Suppl."/>
						</TextLine>
						<TextLine ID="line_73" HPOS="791" VPOS="1012" WIDTH="604" HEIGHT="29">
							<String ID="string_361" HPOS="791" VPOS="1015" WIDTH="6" HEIGHT="20" WC="0.93" CONTENT="i"/><SP WIDTH="16" VPOS="1015" HPOS="797"/>
							<String ID="string_362" HPOS="813" VPOS="1015" WIDTH="107" HEIGHT="26" WC="0.90" CONTENT="Lagutsk."/><SP WIDTH="18" VPOS="1015" HPOS="920"/>
							<String ID="string_363" HPOS="938" VPOS="1012" WIDTH="36" HEIGHT="27" WC="0.96" CONTENT="(fr."/><SP WIDTH="18" VPOS="1012" HPOS="974"/>
							<String ID="string_364" HPOS="992" VPOS="1016" WIDTH="25" HEIGHT="19" WC="0.96" CONTENT="17"/><SP WIDTH="16" VPOS="1016" HPOS="1017"/>
							<String ID="string_365" HPOS="1033" VPOS="1012" WIDTH="83" HEIGHT="28" WC="0.96" CONTENT="mars);"/><SP WIDTH="16" VPOS="1012" HPOS="1116"/>
							<String ID="string_366" HPOS="1132" VPOS="1015" WIDTH="6" HEIGHT="20" WC="0.93" CONTENT="i"/><SP WIDTH="16" VPOS="1015" HPOS="1138"/>
							<String ID="string_367" HPOS="1154" VPOS="1015" WIDTH="182" HEIGHT="26" WC="0.91" CONTENT="Strafflagsutsk."/><SP WIDTH="16" VPOS="1015" HPOS="1336"/>
							<String ID="string_368" HPOS="1352" VPOS="1015" WIDTH="43" HEIGHT="20" WC="0.96" CONTENT="och"/>
						</TextLine>
						<TextLine ID="line_74" HPOS="792" VPOS="1045" WIDTH="153" HEIGHT="20">
							<String ID="string_369" HPOS="792" VPOS="1045" WIDTH="5" HEIGHT="20" WC="0.96" CONTENT="i"/><SP WIDTH="16" VPOS="1045" HPOS="797"/>
							<String ID="string_370" HPOS="813" VPOS="1045" WIDTH="57" HEIGHT="20" WC="0.93" CONTENT="Just."/><SP WIDTH="16" VPOS="1045" HPOS="870"/>
							<String ID="string_371" HPOS="886" VPOS="1045" WIDTH="59" HEIGHT="20" WC="0.91" CONTENT="utsk."/>
						</TextLine>
					</TextBlock>
					<TextBlock ID="block_37" HPOS="791" VPOS="1072" WIDTH="603" HEIGHT="88">
						<TextLine ID="line_75" HPOS="823" VPOS="1072" WIDTH="571" HEIGHT="29">
							<String ID="string_372" HPOS="823" VPOS="1076" WIDTH="53" HEIGHT="20" WC="0.96" CONTENT="1891"/><SP WIDTH="18" VPOS="1076" HPOS="876"/>
							<String ID="string_373" HPOS="894" VPOS="1075" WIDTH="5" HEIGHT="20" WC="0.96" CONTENT="i"/><SP WIDTH="17" VPOS="1075" HPOS="899"/>
							<String ID="string_374" HPOS="916" VPOS="1075" WIDTH="158" HEIGHT="26" WC="0.96" CONTENT="ridderskapet"/><SP WIDTH="16" VPOS="1075" HPOS="1074"/>
							<String ID="string_375" HPOS="1090" VPOS="1075" WIDTH="43" HEIGHT="20" WC="0.96" CONTENT="och"/><SP WIDTH="16" VPOS="1075" HPOS="1133"/>
							<String ID="string_376" HPOS="1149" VPOS="1075" WIDTH="67" HEIGHT="20" WC="0.96" CONTENT="adeln"/><SP WIDTH="18" VPOS="1075" HPOS="1216"/>
							<String ID="string_377" HPOS="1234" VPOS="1072" WIDTH="45" HEIGHT="27" WC="0.95" CONTENT="(för"/><SP WIDTH="15" VPOS="1072" HPOS="1279"/>
							<String ID="string_378" HPOS="1294" VPOS="1074" WIDTH="52" HEIGHT="21" WC="0.93" CONTENT="frih."/><SP WIDTH="17" VPOS="1074" HPOS="1346"/>
							<String ID="string_379" HPOS="1363" VPOS="1075" WIDTH="31" HEIGHT="20" WC="0.92" CONTENT="ät-"/>
						</TextLine>
						<TextLine ID="line_76" HPOS="791" VPOS="1102" WIDTH="603" HEIGHT="28">
							<String ID="string_380" HPOS="791" VPOS="1106" WIDTH="38" HEIGHT="19" WC="0.96" CONTENT="ten"/><SP WIDTH="13" VPOS="1106" HPOS="829"/>
							<String ID="string_381" HPOS="842" VPOS="1102" WIDTH="201" HEIGHT="28" WC="0.90" CONTENT="Standertskjöld)."/><SP WIDTH="30" VPOS="1102" HPOS="1043"/>
							<String ID="string_382" HPOS="1073" VPOS="1104" WIDTH="79" HEIGHT="26" WC="0.70" CONTENT="Suppl."/><SP WIDTH="14" VPOS="1104" HPOS="1152"/>
							<String ID="string_383" HPOS="1166" VPOS="1104" WIDTH="7" HEIGHT="20" WC="0.93" CONTENT="i"/><SP WIDTH="13" VPOS="1104" HPOS="1173"/>
							<String ID="string_384" HPOS="1186" VPOS="1104" WIDTH="51" HEIGHT="20" WC="0.92" CONTENT="Bev."/><SP WIDTH="14" VPOS="1104" HPOS="1237"/>
							<String ID="string_385" HPOS="1251" VPOS="1104" WIDTH="60" HEIGHT="20" WC="0.87" CONTENT="utsk."/><SP WIDTH="29" VPOS="1104" HPOS="1311"/>
							<String ID="string_386" HPOS="1340" VPOS="1104" WIDTH="54" HEIGHT="20" WC="0.87" CONTENT="T.f."/>
						</TextLine>
						<TextLine ID="line_77" HPOS="791" VPOS="1131" WIDTH="381" HEIGHT="29">
							<String ID="string_387" HPOS="791" VPOS="1134" WIDTH="265" HEIGHT="21" WC="0.92" CONTENT="riddarhussekreterare"/><SP WIDTH="19" VPOS="1134" HPOS="1056"/>
							<String ID="string_388" HPOS="1075" VPOS="1131" WIDTH="14" HEIGHT="27" WC="0.96" CONTENT="(i"/><SP WIDTH="17" VPOS="1131" HPOS="1089"/>
							<String ID="string_389" HPOS="1106" VPOS="1131" WIDTH="66" HEIGHT="29" WC="0.96" CONTENT="maj)."/>
						</TextLine>
					</TextBlock>
					<TextBlock ID="block_38" HPOS="791" VPOS="1161" WIDTH="604" HEIGHT="117">
						<TextLine ID="line_78" HPOS="822" VPOS="1161" WIDTH="572" HEIGHT="29">
							<String ID="string_390" HPOS="822" VPOS="1164" WIDTH="56" HEIGHT="21" WC="0.96" CONTENT="1894"/><SP WIDTH="11" VPOS="1164" HPOS="878"/>
							<String ID="string_391" HPOS="889" VPOS="1164" WIDTH="7" HEIGHT="20" WC="0.93" CONTENT="i"/><SP WIDTH="11" VPOS="1164" HPOS="896"/>
							<String ID="string_392" HPOS="907" VPOS="1164" WIDTH="158" HEIGHT="26" WC="0.92" CONTENT="ridderskapet"/><SP WIDTH="12" VPOS="1164" HPOS="1065"/>
							<String ID="string_393" HPOS="1077" VPOS="1164" WIDTH="43" HEIGHT="20" WC="0.93" CONTENT="och"/><SP WIDTH="12" VPOS="1164" HPOS="1120"/>
							<String ID="string_394" HPOS="1132" VPOS="1164" WIDTH="66" HEIGHT="20" WC="0.93" CONTENT="adeln"/><SP WIDTH="15" VPOS="1164" HPOS="1198"/>
							<String ID="string_395" HPOS="1213" VPOS="1161" WIDTH="44" HEIGHT="27" WC="0.93" CONTENT="(för"/><SP WIDTH="11" VPOS="1161" HPOS="1257"/>
							<String ID="string_396" HPOS="1268" VPOS="1163" WIDTH="52" HEIGHT="21" WC="0.92" CONTENT="frih."/><SP WIDTH="12" VPOS="1163" HPOS="1320"/>
							<String ID="string_397" HPOS="1332" VPOS="1164" WIDTH="62" HEIGHT="20" WC="0.92" CONTENT="ätten"/>
						</TextLine>
						<TextLine ID="line_79" HPOS="792" VPOS="1193" WIDTH="601" HEIGHT="27">
							<String ID="string_398" HPOS="792" VPOS="1194" WIDTH="182" HEIGHT="26" WC="0.96" CONTENT="Standertskjöld"/><SP WIDTH="12" VPOS="1194" HPOS="974"/>
							<String ID="string_399" HPOS="986" VPOS="1194" WIDTH="32" HEIGHT="20" WC="0.96" CONTENT="till"/><SP WIDTH="16" VPOS="1194" HPOS="1018"/>
							<String ID="string_400" HPOS="1034" VPOS="1194" WIDTH="26" HEIGHT="20" WC="0.96" CONTENT="19"/><SP WIDTH="12" VPOS="1194" HPOS="1060"/>
							<String ID="string_401" HPOS="1072" VPOS="1193" WIDTH="54" HEIGHT="27" WC="0.96" CONTENT="maj,"/><SP WIDTH="13" VPOS="1193" HPOS="1126"/>
							<String ID="string_402" HPOS="1139" VPOS="1194" WIDTH="70" HEIGHT="20" WC="0.96" CONTENT="sedan"/><SP WIDTH="12" VPOS="1194" HPOS="1209"/>
							<String ID="string_403" HPOS="1221" VPOS="1193" WIDTH="35" HEIGHT="21" WC="0.93" CONTENT="för"/><SP WIDTH="11" VPOS="1193" HPOS="1256"/>
							<String ID="string_404" HPOS="1267" VPOS="1193" WIDTH="53" HEIGHT="21" WC="0.96" CONTENT="frih."/><SP WIDTH="14" VPOS="1193" HPOS="1320"/>
							<String ID="string_405" HPOS="1334" VPOS="1194" WIDTH="59" HEIGHT="19" WC="0.95" CONTENT="ätten"/>
						</TextLine>
						<TextLine ID="line_80" HPOS="791" VPOS="1220" WIDTH="604" HEIGHT="30">
							<String ID="string_406" HPOS="791" VPOS="1224" WIDTH="27" HEIGHT="20" WC="0.95" CONTENT="de"/><SP WIDTH="22" VPOS="1224" HPOS="818"/>
							<String ID="string_407" HPOS="840" VPOS="1224" WIDTH="21" HEIGHT="20" WC="0.86" CONTENT="la"/><SP WIDTH="23" VPOS="1224" HPOS="861"/>
							<String ID="string_408" HPOS="884" VPOS="1221" WIDTH="125" HEIGHT="29" WC="0.90" CONTENT="Chapelle)."/><SP WIDTH="39" VPOS="1221" HPOS="1009"/>
							<String ID="string_409" HPOS="1048" VPOS="1224" WIDTH="78" HEIGHT="26" WC="0.94" CONTENT="Suppl."/><SP WIDTH="22" VPOS="1224" HPOS="1126"/>
							<String ID="string_410" HPOS="1148" VPOS="1223" WIDTH="7" HEIGHT="21" WC="0.93" CONTENT="i"/><SP WIDTH="22" VPOS="1223" HPOS="1155"/>
							<String ID="string_411" HPOS="1177" VPOS="1223" WIDTH="107" HEIGHT="26" WC="0.92" CONTENT="Lagutsk."/><SP WIDTH="26" VPOS="1223" HPOS="1284"/>
							<String ID="string_412" HPOS="1310" VPOS="1220" WIDTH="36" HEIGHT="27" WC="0.96" CONTENT="(fr."/><SP WIDTH="24" VPOS="1220" HPOS="1346"/>
							<String ID="string_413" HPOS="1370" VPOS="1223" WIDTH="25" HEIGHT="20" WC="0.96" CONTENT="13"/>
						</TextLine>
						<TextLine ID="line_81" HPOS="792" VPOS="1251" WIDTH="79" HEIGHT="27">
							<String ID="string_414" HPOS="792" VPOS="1251" WIDTH="79" HEIGHT="27" WC="0.95" CONTENT="mars)."/>
						</TextLine>
					</TextBlock>
					<TextBlock ID="block_39" HPOS="792" VPOS="1280" WIDTH="603" HEIGHT="58">
						<TextLine ID="line_82" HPOS="823" VPOS="1280" WIDTH="572" HEIGHT="29">
							<String ID="string_415" HPOS="823" VPOS="1284" WIDTH="54" HEIGHT="20" WC="0.96" CONTENT="1897"/><SP WIDTH="14" VPOS="1284" HPOS="877"/>
							<String ID="string_416" HPOS="891" VPOS="1283" WIDTH="6" HEIGHT="21" WC="0.93" CONTENT="i"/><SP WIDTH="13" VPOS="1283" HPOS="897"/>
							<String ID="string_417" HPOS="910" VPOS="1283" WIDTH="158" HEIGHT="26" WC="0.91" CONTENT="ridderskapet"/><SP WIDTH="12" VPOS="1283" HPOS="1068"/>
							<String ID="string_418" HPOS="1080" VPOS="1283" WIDTH="44" HEIGHT="21" WC="0.93" CONTENT="och"/><SP WIDTH="13" VPOS="1283" HPOS="1124"/>
							<String ID="string_419" HPOS="1137" VPOS="1283" WIDTH="66" HEIGHT="21" WC="0.92" CONTENT="adeln"/><SP WIDTH="16" VPOS="1283" HPOS="1203"/>
							<String ID="string_420" HPOS="1219" VPOS="1280" WIDTH="45" HEIGHT="27" WC="0.93" CONTENT="(för"/><SP WIDTH="12" VPOS="1280" HPOS="1264"/>
							<String ID="string_421" HPOS="1276" VPOS="1283" WIDTH="61" HEIGHT="20" WC="0.92" CONTENT="ätten"/><SP WIDTH="14" VPOS="1283" HPOS="1337"/>
							<String ID="string_422" HPOS="1351" VPOS="1289" WIDTH="44" HEIGHT="13" WC="0.96" CONTENT="von"/>
						</TextLine>
						<TextLine ID="line_83" HPOS="792" VPOS="1310" WIDTH="127" HEIGHT="28">
							<String ID="string_423" HPOS="792" VPOS="1310" WIDTH="127" HEIGHT="28" WC="0.96" CONTENT="Kraemer)."/>
						</TextLine>
					</TextBlock>
				</ComposedBlock>
				<ComposedBlock ID="cblock_25" HPOS="1071" VPOS="686" WIDTH="341" HEIGHT="27">
					<TextBlock ID="block_40" HPOS="1071" VPOS="686" WIDTH="341" HEIGHT="27">
						<TextLine ID="line_84" HPOS="1071" VPOS="686" WIDTH="341" HEIGHT="27">
							<String ID="string_424" HPOS="1071" VPOS="686" WIDTH="81" HEIGHT="27" WC="0.92" CONTENT="Kopist"/><SP WIDTH="25" VPOS="686" HPOS="1152"/>
							<String ID="string_425" HPOS="1177" VPOS="687" WIDTH="7" HEIGHT="20" WC="0.93" CONTENT="i"/><SP WIDTH="26" VPOS="687" HPOS="1184"/>
							<String ID="string_426" HPOS="1210" VPOS="688" WIDTH="93" HEIGHT="20" WC="0.90" CONTENT="senaten"/><SP WIDTH="29" VPOS="688" HPOS="1303"/>
							<String ID="string_427" HPOS="1332" VPOS="687" WIDTH="80" HEIGHT="23" WC="0.93" CONTENT="1881,"/><SP WIDTH="-12" VPOS="687" HPOS="1412"/>
							<String ID="string_428" HPOS="1400" VPOS="682" WIDTH="15" HEIGHT="36" WC="0.91" CONTENT=";"/>
						</TextLine>
					</TextBlock>
				</ComposedBlock>
				<GraphicalElement ID="cblock_26" HPOS="1411" VPOS="767" WIDTH="1" HEIGHT="425"></GraphicalElement >
				<ComposedBlock ID="cblock_27" HPOS="823" VPOS="1339" WIDTH="571" HEIGHT="29">
					<TextBlock ID="block_41" HPOS="823" VPOS="1339" WIDTH="571" HEIGHT="29">
						<TextLine ID="line_85" HPOS="823" VPOS="1339" WIDTH="571" HEIGHT="29">
							<String ID="string_429" HPOS="823" VPOS="1344" WIDTH="55" HEIGHT="20" WC="0.95" CONTENT="1899"/><SP WIDTH="16" VPOS="1344" HPOS="878"/>
							<String ID="string_430" HPOS="894" VPOS="1342" WIDTH="6" HEIGHT="21" WC="0.93" CONTENT="i"/><SP WIDTH="17" VPOS="1342" HPOS="900"/>
							<String ID="string_431" HPOS="917" VPOS="1342" WIDTH="158" HEIGHT="26" WC="0.91" CONTENT="ridderskapet"/><SP WIDTH="15" VPOS="1342" HPOS="1075"/>
							<String ID="string_432" HPOS="1090" VPOS="1343" WIDTH="43" HEIGHT="20" WC="0.93" CONTENT="och"/><SP WIDTH="16" VPOS="1343" HPOS="1133"/>
							<String ID="string_433" HPOS="1149" VPOS="1343" WIDTH="68" HEIGHT="20" WC="0.92" CONTENT="adeln"/><SP WIDTH="18" VPOS="1343" HPOS="1217"/>
							<String ID="string_434" HPOS="1235" VPOS="1339" WIDTH="44" HEIGHT="27" WC="0.93" CONTENT="(för"/><SP WIDTH="16" VPOS="1339" HPOS="1279"/>
							<String ID="string_435" HPOS="1295" VPOS="1342" WIDTH="52" HEIGHT="20" WC="0.92" CONTENT="frih."/><SP WIDTH="16" VPOS="1342" HPOS="1347"/>
							<String ID="string_436" HPOS="1363" VPOS="1343" WIDTH="31" HEIGHT="19" WC="0.92" CONTENT="ät-"/>
						</TextLine>
					</TextBlock>
				</ComposedBlock>
				<ComposedBlock ID="cblock_28" HPOS="792" VPOS="1369" WIDTH="469" HEIGHT="28">
					<TextBlock ID="block_42" HPOS="792" VPOS="1369" WIDTH="469" HEIGHT="28">
						<TextLine ID="line_86" HPOS="792" VPOS="1369" WIDTH="469" HEIGHT="28">
							<String ID="string_437" HPOS="792" VPOS="1374" WIDTH="36" HEIGHT="19" WC="0.96" CONTENT="ten"/><SP WIDTH="19" VPOS="1374" HPOS="828"/>
							<String ID="string_438" HPOS="847" VPOS="1369" WIDTH="95" HEIGHT="28" WC="0.95" CONTENT="Mellin)."/><SP WIDTH="33" VPOS="1369" HPOS="942"/>
							<String ID="string_439" HPOS="975" VPOS="1372" WIDTH="53" HEIGHT="21" WC="0.90" CONTENT="Led."/><SP WIDTH="19" VPOS="1372" HPOS="1028"/>
							<String ID="string_440" HPOS="1047" VPOS="1372" WIDTH="5" HEIGHT="20" WC="0.90" CONTENT="i"/><SP WIDTH="18" VPOS="1372" HPOS="1052"/>
							<String ID="string_441" HPOS="1070" VPOS="1372" WIDTH="191" HEIGHT="21" WC="0.92" CONTENT="Riddarhusutsk."/>
						</TextLine>
					</TextBlock>
				</ComposedBlock>
				<ComposedBlock ID="cblock_29" HPOS="790" VPOS="1421" WIDTH="496" HEIGHT="66">
					<TextBlock ID="block_43" HPOS="790" VPOS="1421" WIDTH="496" HEIGHT="66">
						<TextLine ID="line_87" HPOS="790" VPOS="1421" WIDTH="496" HEIGHT="28">
							<String ID="string_442" HPOS="790" VPOS="1421" WIDTH="200" HEIGHT="28" WC="0.96" CONTENT="Standertskjöld,"/><SP WIDTH="17" VPOS="1421" HPOS="990"/>
							<String ID="string_443" HPOS="1007" VPOS="1423" WIDTH="79" HEIGHT="21" WC="0.96" CONTENT="Oskar"/><SP WIDTH="15" VPOS="1423" HPOS="1086"/>
							<String ID="string_444" HPOS="1101" VPOS="1422" WIDTH="58" HEIGHT="22" WC="0.93" CONTENT="Axel"/><SP WIDTH="17" VPOS="1422" HPOS="1159"/>
							<String ID="string_445" HPOS="1176" VPOS="1422" WIDTH="110" HEIGHT="24" WC="0.92" CONTENT="Achates,"/>
						</TextLine>
						<TextLine ID="line_88" HPOS="792" VPOS="1461" WIDTH="376" HEIGHT="26">
							<String ID="string_446" HPOS="792" VPOS="1462" WIDTH="15" HEIGHT="20" WC="0.80" CONTENT="f."/><SP WIDTH="20" VPOS="1462" HPOS="807"/>
							<String ID="string_447" HPOS="827" VPOS="1462" WIDTH="62" HEIGHT="21" WC="0.91" CONTENT="1847."/><SP WIDTH="33" VPOS="1462" HPOS="889"/>
							<String ID="string_448" HPOS="922" VPOS="1461" WIDTH="96" HEIGHT="26" WC="0.95" CONTENT="Kapten,"/><SP WIDTH="20" VPOS="1461" HPOS="1018"/>
							<String ID="string_449" HPOS="1038" VPOS="1462" WIDTH="130" HEIGHT="25" WC="0.96" CONTENT="godsägare."/>
						</TextLine>
					</TextBlock>
				</ComposedBlock>
				<ComposedBlock ID="cblock_30" HPOS="823" VPOS="1483" WIDTH="590" HEIGHT="34">
					<TextBlock ID="block_44" HPOS="823" VPOS="1483" WIDTH="590" HEIGHT="34">
						<TextLine ID="line_89" HPOS="823" VPOS="1483" WIDTH="590" HEIGHT="34">
							<String ID="string_450" HPOS="823" VPOS="1492" WIDTH="55" HEIGHT="20" WC="0.96" CONTENT="1885"/><SP WIDTH="16" VPOS="1492" HPOS="878"/>
							<String ID="string_451" HPOS="894" VPOS="1491" WIDTH="8" HEIGHT="21" WC="0.93" CONTENT="i"/><SP WIDTH="14" VPOS="1491" HPOS="902"/>
							<String ID="string_452" HPOS="916" VPOS="1491" WIDTH="158" HEIGHT="26" WC="0.89" CONTENT="ridderskapet"/><SP WIDTH="17" VPOS="1491" HPOS="1074"/>
							<String ID="string_453" HPOS="1091" VPOS="1491" WIDTH="43" HEIGHT="20" WC="0.93" CONTENT="och"/><SP WIDTH="16" VPOS="1491" HPOS="1134"/>
							<String ID="string_454" HPOS="1150" VPOS="1491" WIDTH="66" HEIGHT="20" WC="0.92" CONTENT="adeln"/><SP WIDTH="19" VPOS="1491" HPOS="1216"/>
							<String ID="string_455" HPOS="1235" VPOS="1488" WIDTH="45" HEIGHT="27" WC="0.93" CONTENT="(för"/><SP WIDTH="14" VPOS="1488" HPOS="1280"/>
							<String ID="string_456" HPOS="1294" VPOS="1490" WIDTH="53" HEIGHT="21" WC="0.92" CONTENT="frih."/><SP WIDTH="17" VPOS="1490" HPOS="1347"/>
							<String ID="string_457" HPOS="1364" VPOS="1491" WIDTH="31" HEIGHT="20" WC="0.93" CONTENT="ät-"/><SP WIDTH="17" VPOS="1491" HPOS="1395"/>
							<String ID="string_458" HPOS="1412" VPOS="1483" WIDTH="1" HEIGHT="34" WC="0.78" CONTENT="|"/>
						</TextLine>
					</TextBlock>
				</ComposedBlock>
				<ComposedBlock ID="cblock_31" HPOS="792" VPOS="1518" WIDTH="226" HEIGHT="29">
					<TextBlock ID="block_45" HPOS="792" VPOS="1518" WIDTH="226" HEIGHT="29">
						<TextLine ID="line_90" HPOS="792" VPOS="1518" WIDTH="226" HEIGHT="29">
							<String ID="string_459" HPOS="792" VPOS="1523" WIDTH="36" HEIGHT="19" WC="0.92" CONTENT="ten"/><SP WIDTH="17" VPOS="1523" HPOS="828"/>
							<String ID="string_460" HPOS="845" VPOS="1518" WIDTH="173" HEIGHT="29" WC="0.92" CONTENT="Silfverhjelm)."/>
						</TextLine>
					</TextBlock>
				</ComposedBlock>
				<ComposedBlock ID="cblock_32" HPOS="790" VPOS="1564" WIDTH="606" HEIGHT="185">
					<TextBlock ID="block_46" HPOS="790" VPOS="1564" WIDTH="606" HEIGHT="91">
						<TextLine ID="line_91" HPOS="790" VPOS="1564" WIDTH="606" HEIGHT="29">
							<String ID="string_461" HPOS="790" VPOS="1565" WIDTH="376" HEIGHT="28" WC="0.92" CONTENT="Standertskjöld-Nordenstam,"/><SP WIDTH="18" VPOS="1565" HPOS="1166"/>
							<String ID="string_462" HPOS="1184" VPOS="1565" WIDTH="104" HEIGHT="22" WC="0.95" CONTENT="Herman"/><SP WIDTH="14" VPOS="1565" HPOS="1288"/>
							<String ID="string_463" HPOS="1302" VPOS="1564" WIDTH="94" HEIGHT="29" WC="0.95" CONTENT="Sigfrid,"/>
						</TextLine>
						<TextLine ID="line_92" HPOS="792" VPOS="1603" WIDTH="603" HEIGHT="26">
							<String ID="string_464" HPOS="792" VPOS="1605" WIDTH="103" HEIGHT="24" WC="0.92" CONTENT="friherre,"/><SP WIDTH="13" VPOS="1605" HPOS="895"/>
							<String ID="string_465" HPOS="908" VPOS="1605" WIDTH="16" HEIGHT="20" WC="0.92" CONTENT="f."/><SP WIDTH="15" VPOS="1605" HPOS="924"/>
							<String ID="string_466" HPOS="939" VPOS="1605" WIDTH="61" HEIGHT="20" WC="0.93" CONTENT="1854."/><SP WIDTH="22" VPOS="1605" HPOS="1000"/>
							<String ID="string_467" HPOS="1022" VPOS="1604" WIDTH="153" HEIGHT="20" WC="0.93" CONTENT="Innehafvare"/><SP WIDTH="11" VPOS="1604" HPOS="1175"/>
							<String ID="string_468" HPOS="1186" VPOS="1604" WIDTH="24" HEIGHT="20" WC="0.96" CONTENT="af"/><SP WIDTH="11" VPOS="1604" HPOS="1210"/>
							<String ID="string_469" HPOS="1221" VPOS="1604" WIDTH="97" HEIGHT="20" WC="0.93" CONTENT="Laukko"/><SP WIDTH="14" VPOS="1604" HPOS="1318"/>
							<String ID="string_470" HPOS="1332" VPOS="1603" WIDTH="63" HEIGHT="21" WC="0.92" CONTENT="fidei-"/>
						</TextLine>
						<TextLine ID="line_93" HPOS="792" VPOS="1634" WIDTH="118" HEIGHT="21">
							<String ID="string_471" HPOS="792" VPOS="1634" WIDTH="118" HEIGHT="21" WC="0.88" CONTENT="kommiss."/>
						</TextLine>
					</TextBlock>
					<TextBlock ID="block_47" HPOS="792" VPOS="1663" WIDTH="436" HEIGHT="57">
						<TextLine ID="line_94" HPOS="824" VPOS="1663" WIDTH="404" HEIGHT="27">
							<String ID="string_472" HPOS="824" VPOS="1665" WIDTH="54" HEIGHT="20" WC="0.96" CONTENT="1885"/><SP WIDTH="18" VPOS="1665" HPOS="878"/>
							<String ID="string_473" HPOS="896" VPOS="1664" WIDTH="6" HEIGHT="20" WC="0.93" CONTENT="i"/><SP WIDTH="18" VPOS="1664" HPOS="902"/>
							<String ID="string_474" HPOS="920" VPOS="1663" WIDTH="158" HEIGHT="27" WC="0.92" CONTENT="ridderskapet"/><SP WIDTH="17" VPOS="1663" HPOS="1078"/>
							<String ID="string_475" HPOS="1095" VPOS="1664" WIDTH="43" HEIGHT="20" WC="0.93" CONTENT="och"/><SP WIDTH="18" VPOS="1664" HPOS="1138"/>
							<String ID="string_476" HPOS="1156" VPOS="1663" WIDTH="72" HEIGHT="21" WC="0.92" CONTENT="adeln."/>
						</TextLine>
						<TextLine ID="line_95" HPOS="792" VPOS="1693" WIDTH="329" HEIGHT="27">
							<String ID="string_477" HPOS="792" VPOS="1694" WIDTH="84" HEIGHT="26" WC="0.92" CONTENT="gänger"/><SP WIDTH="17" VPOS="1694" HPOS="876"/>
							<String ID="string_478" HPOS="893" VPOS="1694" WIDTH="6" HEIGHT="20" WC="0.96" CONTENT="i"/><SP WIDTH="18" VPOS="1694" HPOS="899"/>
							<String ID="string_479" HPOS="917" VPOS="1693" WIDTH="63" HEIGHT="21" WC="0.93" CONTENT="först."/><SP WIDTH="20" VPOS="1693" HPOS="980"/>
							<String ID="string_480" HPOS="1000" VPOS="1693" WIDTH="121" HEIGHT="21" WC="0.92" CONTENT="Statsutsk."/>
						</TextLine>
					</TextBlock>
					<TextBlock ID="block_48" HPOS="824" VPOS="1722" WIDTH="402" HEIGHT="27">
						<TextLine ID="line_96" HPOS="824" VPOS="1722" WIDTH="402" HEIGHT="27">
							<String ID="string_481" HPOS="824" VPOS="1724" WIDTH="56" HEIGHT="20" WC="0.96" CONTENT="1888"/><SP WIDTH="17" VPOS="1724" HPOS="880"/>
							<String ID="string_482" HPOS="897" VPOS="1723" WIDTH="5" HEIGHT="20" WC="0.93" CONTENT="i"/><SP WIDTH="17" VPOS="1723" HPOS="902"/>
							<String ID="string_483" HPOS="919" VPOS="1722" WIDTH="158" HEIGHT="27" WC="0.92" CONTENT="ridderskapet"/><SP WIDTH="17" VPOS="1722" HPOS="1077"/>
							<String ID="string_484" HPOS="1094" VPOS="1723" WIDTH="43" HEIGHT="20" WC="0.93" CONTENT="och"/><SP WIDTH="17" VPOS="1723" HPOS="1137"/>
							<String ID="string_485" HPOS="1154" VPOS="1723" WIDTH="72" HEIGHT="20" WC="0.92" CONTENT="adeln."/>
						</TextLine>
					</TextBlock>
				</ComposedBlock>
				<ComposedBlock ID="cblock_33" HPOS="1262" VPOS="1662" WIDTH="133" HEIGHT="27">
					<TextBlock ID="block_49" HPOS="1262" VPOS="1662" WIDTH="133" HEIGHT="27">
						<TextLine ID="line_97" HPOS="1262" VPOS="1662" WIDTH="133" HEIGHT="27">
							<String ID="string_486" HPOS="1262" VPOS="1663" WIDTH="78" HEIGHT="26" WC="0.94" CONTENT="Suppl."/><SP WIDTH="19" VPOS="1663" HPOS="1340"/>
							<String ID="string_487" HPOS="1359" VPOS="1662" WIDTH="36" HEIGHT="21" WC="0.96" CONTENT="två"/>
						</TextLine>
					</TextBlock>
				</ComposedBlock>
			</PrintSpace>
		</Page>
	</Layout>
</alto>
