1495 1870
131 90 34 17 322

698 87 154 22 Personregister.

163 1421 50 20 sina
228 1421 90 20 bröder.

154 210 100 27 Mullila,
271 209 34 28 A.,
323 217 23 16 se
363 209 125 28 Mongola.

133 276 1 4 |
155 258 96 27 Munck,
267 257 90 22 Berndt
373 257 123 27 Theodor,

158 297 15 20 f.
205 297 62 20 1854.
304 297 138 26 Registrator
471 295 39 21 vid
537 294 226 27 järnvägsstyrelsen.

158 327 97 20 Kamrer
271 327 38 20 vid
325 326 195 27 pensionskassan
537 326 35 19 för
589 324 105 27 speciella
710 323 54 20 verk

160 357 63 20 1913.

190 387 56 20 1900
264 383 35 27 (fr.
316 387 26 19 10
356 384 65 26 febr.)
439 386 6 20 i
460 385 159 26 ridderskapet
633 385 43 19 och
691 383 73 20 adeln.

157 443 95 26 Munck,
270 442 55 23 Carl
342 442 107 26 Fredrik,

160 482 15 20 f.
192 482 62 24 1819,
269 479 15 25 +
301 481 62 20 1900.
394 481 104 20 Assessor
514 480 6 20 i
534 476 49 24 Åbo
597 480 93 19 hofrätt.
721 478 43 20 Hä-

160 511 150 26 radshöfding
331 512 6 19 i
358 511 80 25 Tyrvis
458 511 117 25 domsaga.
612 508 152 22 Hofrättsräd.

191 540 92 26 1863/64
301 541 5 20 i
324 540 158 26 ridderskapet
498 540 43 20 och
559 540 74 20 adeln.
665 538 100 20 Elektor.

160 571 54 20 Led.
227 571 6 20 i
246 571 108 25 Lagutsk.
367 571 43 20 och
424 570 5 20 i
443 570 71 20 Ensk.
528 570 64 20 Besv.
605 569 60 21 utsk.
688 568 77 26 Suppl.

160 601 7 20 i
184 601 67 20 Allm.
268 601 64 20 Besv.
349 601 60 20 utsk.

193 632 54 19 1872
263 631 6 19 i
284 630 158 26 ridderskapet
457 630 44 20 och
516 630 74 20 adeln.
621 629 53 20 Led.
688 628 8 20 i
711 628 55 25 Lag-

161 660 60 21 utsk.
241 661 42 20 och
304 660 7 20 i
331 661 55 25 Lag-
406 661 42 19 och
469 660 74 20 Ekon.
564 659 60 21 utsk.
660 658 79 26 Suppl.
760 657 6 20 i

161 690 57 20 Just.
235 691 60 19 utsk.

193 719 91 26 1877/78
304 720 6 20 i
330 720 158 26 ridderskapet
508 720 43 20 och
570 719 74 21 adeln.

193 751 54 19 1882
272 750 6 20 i
302 750 158 26 ridderskapet
484 750 43 20 och
552 750 74 20 adeln.

161 780 66 20 Ordf.
246 780 5 20 i
269 780 74 20 Ekon.
361 780 60 20 utsk.

193 810 55 20 1888
266 811 6 20 i
290 810 158 26 ridderskapet
466 810 43 20 och
527 810 73 19 adeln.

193 840 53 20 1891
264 840 6 20 i
286 840 158 25 ridderskapet
458 840 43 20 och
517 840 74 20 adeln.

193 870 55 20 1894
266 869 6 20 i
290 869 157 26 ridderskapet
465 870 44 20 och
527 869 73 20 adeln.

193 900 54 20 1897
266 899 7 20 i
290 899 158 26 ridderskapet
466 900 43 19 och
527 899 74 20 adeln.

159 955 96 26 Munck,
273 954 55 23 Carl
346 955 92 26 Gustaf,

161 993 15 21 f.
197 995 63 19 1859.
295 993 246 21 Hofrättsauskuitant.

162 1023 60 26 ding,
239 1023 124 21 sakförare.

194 1054 55 19 1888
267 1053 6 20 i
291 1053 157 26 ridderskapet
466 1054 43 19 och
528 1053 73 20 adeln.

194 1083 55 20 1900
264 1083 6 20 i
283 1083 157 26 ridderskapet
454 1084 42 19 och
511 1083 66 20 adeln
595 1080 42 27 (till
652 1082 26 20 10
692 1078 76 27 febr.).

666 748 100 20 Elektor.

623 838 100 20 Elektor.

578 991 189 22 Vicehäradshöf-

160 1139 96 26 Munck,
274 1139 55 22 Carl
346 1139 59 22 Otto
422 1139 142 26 Alexander,

163 1178 103 24 friherre,
283 1178 14 20 f.
317 1179 62 20 1853.
411 1177 135 26 Godsägare.

195 1209 54 19 1885
268 1209 6 20 i
292 1207 158 26 ridderskapet
468 1209 42 19 och
529 1208 73 20 adeln.

195 1239 55 18 1899
269 1237 5 20 i
291 1237 156 26 ridderskapet
466 1238 43 20 och
528 1238 73 20 adeln.

195 1267 55 20 1900
269 1267 6 20 i
293 1267 157 26 ridderskapet
468 1268 42 19 och
529 1268 73 19 adeln.

195 1297 92 25 1905/06
306 1297 6 20 i
332 1297 158 26 ridderskapet
509 1298 43 19 och
571 1297 73 20 adeln.

161 1353 96 26 Munck,
274 1353 78 22 Johan
371 1353 96 26 Henrik,

165 1391 102 24 friherre,
282 1391 15 20 f.
313 1393 62 23 1748,
389 1389 14 24 t
419 1393 62 19 1817.
510 1392 106 20 Friherre
632 1392 55 19 1778
700 1391 70 25 jämte

349 1418 105 24 Öfverste
470 1421 6 20 i
492 1422 79 19 armén
590 1421 61 20 1790.
684 1420 85 20 Lands-

164 1450 96 26 höfding
276 1450 3 20 i
294 1451 276 25 Nylands—Tavastehus
584 1451 39 19 län
635 1456 87 14 samma
738 1450 31 20 är.

164 1480 85 20 Afsked
266 1481 62 20 1810.

196 1510 55 20 1809
269 1510 6 20 i
294 1510 157 26 ridderskapet
468 1511 43 20 och
529 1511 73 19 adeln.

138 1570 2 13 |
162 1566 97 26 Munck,
276 1566 79 22 Johan
374 1566 128 27 Reinhold,

164 1605 103 24 friherre,
283 1605 14 20 f.
314 1606 62 23 1795,
422 1606 62 20 1865.
514 1605 146 20 Vicekansler
672 1605 36 19 för
721 1604 49 20 uni-

165 1635 119 23 versitetet,
303 1635 90 25 general
412 1635 23 20 af
451 1635 138 20 infanteriet.

195 1663 92 26 1863/64
307 1665 6 19 i
332 1664 158 26 ridderskapet
510 1665 42 20 och
572 1664 74 21 adeln.

164 1694 109 20 Riddarh.
293 1694 60 20 utsk.

163 1724 47 25 jan.
228 1721 75 27 1864).

681 1664 64 20 Ordf.
765 1662 5 20 i

389 1694 77 26 Suppl.
486 1694 6 20 i
512 1695 74 19 Ekon.
605 1694 59 20 utsk.
688 1691 35 26 (fr.
745 1694 25 19 15

796 207 95 26 Munck,
909 205 63 24 Knut
988 205 61 22 Emil
1067 204 97 27 Robert,

799 246 15 20 f.
836 245 62 25 1807,
919 242 15 26 +
957 245 61 20 1869.
1054 242 243 27 Prokuratorsadjoint
1319 242 83 21 1861—

801 276 62 20 1868.

830 303 92 27 1863/64
940 305 6 20 i
963 304 160 25 ridderskapet
1140 303 42 20 och
1201 303 68 20 adeln
1288 299 44 28 (för
1350 301 52 20 frih.
1418 303 2 4 j

800 336 60 19 ätten
874 332 106 29 Hjärne).

798 398 93 26 Munck,
909 397 105 22 Lennart
1030 396 109 27 Frithiof,

800 437 14 20 f.
837 438 61 19 1852.
934 433 211 28 Öfverstelöjtnant.
1180 435 101 26 Verkligt
1299 433 104 22 statsråd.

801 467 56 19 Chef
869 467 35 19 för
915 466 78 20 finska
1004 465 214 27 passexpeditionen
1232 465 61 20 1895.
1320 464 82 20 Guver-

801 498 41 18 nör
857 496 6 20 i
880 496 30 20 St.
927 496 95 20 Michels
1038 496 37 20 län
1093 495 151 21 1900—1903.

832 527 54 20 1882
899 526 6 20 i
919 526 158 25 ridderskapet
1091 526 42 20 och
1147 525 68 21 adeln
1230 522 44 27 (för
1286 525 60 20 ätten
1359 530 44 14 von

802 553 105 27 Konow).
940 556 53 20 Led.
1011 556 6 20 i
1034 556 66 19 Allm.
1117 555 64 20 Besv.
1199 554 59 21 utsk.

833 587 54 19 1885
910 586 6 20 i
939 585 158 26 ridderskapet
1119 585 44 20 och
1185 585 74 20 adeln.
1296 584 78 26 Suppl
1398 583 5 20 i

801 616 108 20 Riddarh.
927 616 60 20 utsk.

833 644 90 27 1904/05
940 646 7 20 i
963 645 159 26 ridderskapet
1138 645 43 20 och
1198 645 74 20 adeln.
1304 644 77 26 Suppl.
1398 643 6 20 i

802 676 54 25 Lag-
873 676 42 20 och
931 676 74 20 Ekon.
1021 675 60 21 utsk.
1100 672 37 27 (fr.
1153 676 25 19 21
1194 681 63 14 mars
1273 671 73 27 1905).

833 704 91 27 1905/06
941 705 6 21 i
964 705 158 25 ridderskapet
1139 705 43 20 och
1198 705 73 20 adeln.
1304 704 76 27 Suppl.
1399 704 5 20 i

802 736 72 20 Ekon.
892 736 59 20 utsk.
984 735 54 21 Led.
1055 735 6 20 i
1078 735 64 20 först.
1159 735 52 20 Bev.
1227 734 59 21 utsk.

799 798 95 26 Munck,
912 798 97 22 Nikolai
1026 797 72 23 Adolf
1115 797 127 27 Reinhold,

803 837 101 24 friherre,
919 836 16 21 f.
952 837 62 24 1842,
1030 834 14 25 t
1061 837 62 20 1877.
1154 836 167 26 Civilingeniör.

834 868 54 19 1872
907 866 6 20 i
931 866 157 26 ridderskapet
1107 866 43 21 och
1167 866 74 21 adeln.

834 895 91 27 1877/78
944 896 6 20 i
969 896 160 26 ridderskapet
1147 896 43 20 och
1210 896 73 20 adeln.

800 958 192 28 Munsterhjelm,
1009 959 92 22 Anders
1118 958 83 29 Georg
1217 958 68 25 Emil,

803 1004 15 20 f.
834 1005 61 23 1838,
909 1001 14 25 I
938 1005 62 20 1895.
1030 1003 177 26 Underlöjtnant
1219 1003 38 22 vid
1270 1003 75 21 finska
1358 1009 47 20 gar-

803 1033 172 26 desbataljonen
989 1035 63 19 1865.
1072 1033 75 21 Sedan
1158 1033 248 21 distriktsstabsofficer

804 1063 5 20 i
825 1063 123 26 Uleåborgs
963 1064 45 19 län.
1040 1060 110 24 Ofverste.

835 1094 54 20 1872
907 1093 6 20 i
931 1093 158 26 ridderskapet
1106 1093 43 21 och
1167 1093 73 21 adeln.

835 1121 91 27 1877/78
945 1123 6 20 i
970 1123 159 26 ridderskapet
1147 1123 43 20 och
1209 1123 73 20 adeln.

801 1185 192 28 Munsterhjelm,
1010 1185 93 22 Anders
1121 1185 101 27 Lorenz,

805 1231 14 19 f.
837 1231 62 23 1803,
914 1228 15 25 $
946 1231 62 20 1893.
1041 1227 211 29 Öfverstelöjtnant.
1283 1230 123 21 Possessio-
1423 1251 2 3 |

805 1262 37 19 nat
858 1260 29 26 pä
903 1260 149 21 Häkansböle
1067 1260 6 21 i
1089 1260 114 26 Helsinge.

835 1288 92 27 1863/64
941 1290 6 20 i
960 1290 158 26 ridderskapet
1132 1290 43 21 och
1190 1290 74 21 adeln.
1293 1290 114 21 Elektors-

804 1320 73 25 suppl.

836 1351 53 19 1867
905 1349 6 20 i
927 1349 158 26 ridderskapet
1101 1350 43 20 och
1159 1350 74 20 adeln.
1265 1349 99 21 Elektor.

837 1377 90 27 1877/78
946 1379 5 20 i
971 1379 158 26 ridderskapet
1148 1380 43 19 och
1211 1379 73 21 adeln.

836 1409 55 20 1882
909 1409 5 19 i
932 1408 159 26 ridderskapet
1108 1409 42 21 och
1168 1409 73 21 adeln.

802 1470 191 28 Munsterhjelm,
1010 1470 109 28 Hjalmar
1134 1471 109 26 Magnus,

806 1516 14 19 f.
840 1516 61 24 1840,
917 1513 15 25 |
951 1516 61 20 1905.

806 1545 109 26 tersburg.

1043 1516 76 24 Artist,
1136 1515 148 21 akademiker
1300 1516 6 20 i
1323 1516 30 20 St.
1370 1516 38 20 Pe-
1425 1503 2 45 |

837 1576 54 20 1882
907 1575 168 26 ridderskapets
1090 1576 44 20 och
1148 1576 79 20 adelns
1241 1576 74 25 suppl.
1330 1575 6 21 i
1351 1576 57 20 dele-
1426 1583 1 3 :

806 1604 104 26 gationen
930 1605 35 20 för
983 1606 143 24 uppresande
1143 1605 24 20 af
1183 1611 29 14 en
1228 1604 143 22 minnesstod
1388 1605 21 20 ät

807 1634 125 21 Alexander
947 1634 27 20 II.

838 1665 54 19 1885
907 1664 168 26 ridderskapets
1091 1665 42 20 och
1149 1665 78 19 adelns
1241 1664 74 26 suppl.
1330 1664 7 21 i
1351 1665 58 20 dele-

806 1693 107 25 gationen
929 1694 37 20 för
982 1694 144 26 uppresande
1144 1694 24 20 af
1184 1700 29 14 en
1229 1694 143 21 minnesstod
1388 1694 22 20 ät

806 1723 127 21 Alexander
951 1724 27 20 II.
