1509 1867
693 76 156 23 Personregister.

136 194 123 29 Willgren,
276 194 55 24 Karl
347 195 125 27 Salomon,

139 234 16 20 f.
178 234 62 20 1865.
277 233 183 27 Jurisutriusque
480 234 90 21 doktor.
606 234 139 21 Biträdande

140 263 92 21 kamrer
242 263 7 21 i
261 265 104 19 senatens
378 264 209 26 finansexpedition
600 265 145 20 1893—1902

140 293 43 20 och
198 293 52 20 från
268 294 61 20 1907.
360 294 250 26 Universitetsadjunkt
625 295 62 20 1901.

171 324 55 20 1894
244 323 139 21 sekreterare
401 324 7 20 i
426 324 122 20 Statsutsk.

137 378 91 29 Winge,
244 379 65 22 Hans
326 378 79 23 Petter
422 379 91 28 (Pehr),

140 417 15 21 f.
172 418 62 24 1776,
257 415 7 25 t
281 418 62 20 1836.
373 418 159 26 Borgmästare
547 419 6 20 i
569 418 176 27 Gamlakarleby

142 448 62 20 1806.
236 448 102 25 Lagman
355 448 63 20 1809.

172 477 56 20 1809
249 479 158 24 representant
429 477 35 21 för
487 477 178 27 Gamlakarleby
687 479 57 20 stad.

139 506 54 21 Led.
208 507 8 20 i
231 506 66 21 Civil-
312 507 42 20 och
369 507 74 20 Ekon.
457 507 61 21 utsk.
533 508 43 20 och
591 508 6 20 i
612 508 57 26 Exp.
684 508 60 21 utsk.

137 562 94 25 Vinkiä,
248 562 31 27 S.,
295 570 24 16 se
334 562 92 23 Ylinen.

137 628 97 27 Winter,
251 627 86 24 Gustaf
352 629 131 27 Johannes,

140 667 15 20 f.
179 668 62 20 1868.
279 667 145 21 Stadsläkare
442 668 7 20 i
470 668 125 21 Sortavala.

139 697 79 20 läkare
234 697 42 21 där
294 698 61 20 1911.

171 725 92 27 1904/05
278 727 130 26 fullmäktig
422 727 35 21 för
472 727 119 22 Sortavala
605 729 56 20 stad.
691 729 53 20 Led.

139 756 8 21 i
161 757 79 20 Järnv.
256 757 60 20 utsk.
333 757 44 20 och
392 757 7 20 i
416 757 63 21 först.
496 758 53 20 Bev.
565 758 60 21 utsk.

171 785 92 27 1905/06
279 787 131 26 fullmäktig
425 787 36 21 för
477 787 120 21 Sortavala
610 789 57 20 stad.
691 788 53 21 Led.

139 815 8 21 i
162 816 78 21 Järnv.
258 817 59 20 utsk.
334 817 43 20 och
393 817 7 20 i
416 817 64 20 först.
496 817 53 21 Bev.
566 817 59 21 utsk.

632 669 112 26 Sjukhus-

137 872 97 27 Winter,
251 872 56 24 Karl
323 873 71 26 John,

140 911 16 20 f.
170 911 62 21 1860.
259 912 221 21 Kommunalläkare
489 913 43 20 och
543 912 122 27 jordägare
673 915 8 20 i
693 913 51 21 Jaa-

139 941 127 20 kimvaara.

171 969 92 28 1904/05
276 971 131 26 fullmäktig
419 971 36 21 för
467 972 148 26 Kronoborgs
628 973 116 26 domsaga.

140 1000 100 21 Elektor.
274 1001 53 20 Led.
345 1001 7 20 i
369 1001 56 26 Lag-
443 1002 43 20 och
505 1001 74 22 Ekon.
597 1002 61 21 utsk.
677 1003 43 20 och
738 1002 7 20 i

140 1030 64 21 först.
218 1031 53 20 Bev.
286 1031 59 20 utsk.

171 1058 92 27 1905/06
277 1060 131 27 fullmäktig
423 1061 35 20 för
472 1061 147 26 Kronoborgs
635 1063 110 24 domsaga

143 1086 42 28 (till
196 1091 27 19 27
235 1095 50 21 aug.
299 1088 74 27 1906).
392 1091 100 20 Elektor.
512 1091 54 21 Led.
578 1091 8 21 i
597 1091 74 22 Ekon.
684 1091 59 21 utsk.

140 1119 43 20 och
197 1119 7 21 i
219 1119 64 22 först.
299 1120 52 21 Bev.
366 1121 60 20 utsk.

136 1179 49 18 von
202 1175 114 27 Winther,
333 1176 74 22 Frans
424 1176 92 27 Gustai,

139 1214 16 21 f.
173 1215 62 20 1878.
267 1215 242 26 Vicehäradshöfding,
526 1216 131 25 godsägare.

171 1243 92 26 1904/05
277 1245 6 20 i
298 1244 157 27 ridderskapet
470 1245 43 20 och
527 1246 74 20 adeln.

172 1274 92 25 1905/06
282 1274 7 21 i
308 1274 157 27 ridderskapet
484 1275 44 20 och
547 1275 74 21 adeln.

136 1329 49 18 von
202 1325 114 27 Winther,
333 1324 82 28 Georg
431 1325 92 26 Gustai,

139 1363 16 21 f.
172 1365 62 23 1825,
250 1361 15 26 1
283 1364 61 21 1901.
375 1361 151 24 Öfverläkare
541 1364 39 21 vid
593 1364 78 21 finska
686 1364 59 21 mili-

139 1393 71 21 tären.
239 1393 102 26 Verkligt
354 1393 103 21 statsräd.
486 1394 73 20 Adlad
574 1395 63 20 1890.
666 1394 79 21 Gehei-

140 1422 85 22 meräd.

171 1453 55 21 1891
244 1452 8 21 i
269 1452 158 27 ridderskapet
443 1454 44 20 och
504 1454 75 20 adeln.

172 1483 55 20 1894
243 1482 7 21 i
268 1482 158 27 ridderskapet
443 1484 43 20 och
504 1483 74 21 adeln.

172 1513 54 20 1897
244 1512 7 20 i
268 1512 158 26 ridderskapet
443 1513 43 20 och
505 1513 74 20 adeln.

171 1543 56 19 1899
244 1542 7 20 i
268 1542 157 26 ridderskapet
443 1543 43 20 och
503 1542 75 21 adeln.

172 1572 55 20 1900
244 1571 8 21 i
270 1571 157 27 ridderskapet
443 1572 44 20 och
504 1572 75 20 adeln.

136 1621 137 27 Witikkala,
289 1622 82 27 Jonas,

140 1654 16 20 f.
174 1655 62 24 1833,
286 1655 63 21 1907.
380 1655 78 21 Bonde
474 1655 7 20 i
497 1655 85 21 Jämsä.

171 1685 55 20 1867
242 1684 131 26 fullmäktig
388 1685 36 20 för
438 1685 79 20 Jämsä
531 1686 116 25 domsaga.

139 1715 42 19 tor.
212 1714 76 22 Led.i
304 1714 73 20 Ekon.
393 1714 60 20 utsk.

679 1684 66 21 Elek-

778 196 134 28 Witikkala,
929 196 79 23 Wilho
1025 197 137 29 (Wilhelm),

781 235 15 21 f.
814 236 63 24 1835,
900 233 7 25 $
926 236 63 20 1895.
1019 235 166 21 Rusthällare
1182 229 18 36 i
1202 236 78 21 Kumo
1295 236 90 20 socken.

812 266 54 20 1891
883 265 132 26 fullmäktig
1031 265 36 21 för
1083 266 62 20 Eura
1161 266 117 26 domsaga.
1310 266 52 20 Led
1379 264 7 21 i

781 295 70 21 Ensk.
867 295 65 21 Besv.
948 295 60 21 utsk.

812 325 55 21 1894
885 324 132 27 fullmäktig
1033 325 36 20 för
1086 325 62 21 Eura
1165 326 117 25 domsaga.
1308 324 77 26 Suppl.

781 354 6 20 i
803 354 53 21 Bev.
872 354 60 21 utsk.

778 409 231 29 Vitin(-Veden)oja,
1026 410 29 23 O.
1073 410 34 27 H.,
1125 418 23 15 se
1165 410 128 23 Helander.

778 475 79 27 Wolff,
875 474 55 23 Carl
947 475 92 27 Gustaf,

781 513 15 21 f.
813 514 63 25 1800,
890 511 15 26 €
921 515 64 20 1868.
1015 514 137 21 Handlande
1168 514 6 21 i
1187 513 68 26 Vasa,
1271 514 114 21 kommer-

781 543 72 22 seräd.

812 571 92 28 1863/64
921 573 132 26 fullmäktig
1069 573 36 21 för
1120 574 59 20 Vasa
1197 575 56 20 stad.
1286 573 99 21 Elektor.

780 603 54 21 Led.
851 603 7 20 i
875 603 73 21 Ekon.
965 604 61 20 utsk.
1057 603 77 21 Andre
1149 604 75 26 supp].
1242 603 36 21 för
1294 603 91 26 borgar-

783 633 98 20 ständets
896 633 157 21 bankrevisor.

812 663 55 20 1867
879 663 132 26 fullmäktig
1021 663 36 21 för
1067 663 60 20 Vasa
1137 663 57 21 stad.
1213 663 101 21 Elektor.
1332 662 52 21 Led.

781 692 6 21 i
803 692 190 26 Grundlagsutsk.

777 743 79 27 Wolff,
873 743 55 24 Karl
945 743 81 22 Oskar
1041 743 91 28 Eugen,

782 782 15 20 f.
819 783 62 20 1851.
916 782 137 21 Handlande
1073 782 7 21 i
1098 782 103 26 Wiborg,
1221 781 138 22 ordförande
1379 780 6 21 i

781 812 114 21 Nordiska
915 812 171 21 Aktiebankens
1107 811 201 26 förvaltningsräd.

812 842 55 21 1900
884 841 131 26 fullmäktig
1031 841 36 21 för
1081 842 80 21 staden
1177 841 103 26 Wiborg.
1310 839 76 22 Led.i

780 871 202 21 Vattenrättsutsk.

813 900 92 27 1905/06
917 901 132 26 fullmäktig
1061 901 36 21 för
1109 901 79 20 staden
1202 901 102 26 Wiborg.
1332 900 53 21 Led.

780 931 7 20 i
803 931 175 21 Talmanskonf.
1010 931 101 21 Elektor.
1144 931 79 26 Suppl.
1240 931 7 20 i
1264 929 120 22 Statsutsk.

778 976 93 26 Wrede,
887 975 137 23 Alexander
1039 975 94 29 August
1148 976 79 27 Peter,

781 1014 103 25 friherre,
902 1015 15 20 f.
936 1015 63 24 1820,
1016 1012 15 25 $
1051 1016 63 19 1897.
1146 1015 90 26 Kapten
1254 1014 38 21 vid
1309 1013 77 22 finska

779 1044 159 21 kadettkären.
971 1044 173 27 Generalmajor
1161 1045 43 20 och
1223 1044 80 21 afsked
1323 1044 62 21 1885.

812 1075 92 24 1863/64
927 1075 6 20 i
956 1074 159 27 ridderskapet
1137 1075 42 20 och
1202 1075 67 20 adeln
1295 1071 42 27 (till
1359 1073 26 20 10

780 1111 52 14 nov.
850 1101 73 28 1863).
955 1104 78 26 Suppl.
1048 1104 8 21 i
1070 1104 74 21 Ekon.
1159 1105 60 20 utsk.
1235 1104 44 21 och
1293 1103 9 21 i
1315 1103 70 21 Ensk.

781 1134 64 20 Besv.
862 1134 61 20 utsk.

778 1178 92 27 Wrede,
887 1178 94 28 August
996 1178 91 22 Henrik
1103 1178 61 27 Uno,

781 1217 103 25 friherre,
908 1217 15 21 f.
948 1218 63 20 1869.
1048 1217 157 21 Possessionat
1227 1217 29 26 pä
1280 1216 78 27 Svidja
1379 1215 7 21 i

781 1247 108 26 Sjundeä.

813 1278 56 20 1899
880 1277 6 20 i
897 1277 160 26 ridderskapet
1067 1277 44 20 och
1123 1277 66 20 adeln
1204 1274 45 27 (för
1259 1276 54 21 frih.
1325 1277 62 20 ätten

781 1304 174 29 Stjerncrantz).

813 1335 91 26 1904/05
923 1336 6 21 i
947 1336 158 26 ridderskapet
1122 1337 44 20 och
1182 1336 67 21 adeln
1270 1333 45 27 (för
1331 1340 55 21 egen

781 1366 32 20 ätt
826 1366 33 20 till
873 1367 26 19 14
911 1367 48 20 dec.
974 1367 62 24 1904,
1048 1366 101 21 därefter
1160 1366 36 21 för
1208 1367 62 20 ätten
1284 1365 51 21 Toll
1346 1371 40 14 n:o

783 1393 60 27 150).

813 1423 92 27 1905/06
920 1425 7 20 i
943 1425 158 26 ridderskapet
1119 1426 43 20 och
1178 1425 67 21 adeln
1265 1422 44 27 (för
1326 1424 60 20 ätten

781 1455 50 20 Toll
847 1461 41 15 n:o
905 1452 60 27 150).

777 1499 94 27 Wrede,
888 1499 91 22 Henrik
995 1499 93 28 August
1104 1499 55 23 Carl
1175 1499 68 27 Otto,

782 1538 103 24 friherre,
896 1538 16 20 f.
925 1539 62 23 1821,
999 1536 15 25 T
1027 1538 62 21 1883.
1101 1538 189 26 Häradshöfding
1301 1538 6 20 i
1318 1538 68 26 Kym-

781 1574 73 18 mene,
872 1568 70 20 sedan
960 1568 6 20 i
985 1568 56 20 Iittis
1059 1568 116 26 domsaga.

813 1598 54 20 1867
882 1597 7 21 i
902 1597 158 26 ridderskapet
1073 1598 42 20 och
1129 1598 73 20 adeln.
1231 1597 66 21 Ordf.
1311 1597 7 20 i
1330 1597 56 26 Kyr-

781 1626 141 26 kolagsutsk.
955 1627 54 21 Led.
1026 1627 7 20 i
1050 1627 71 21 Ensk.
1139 1628 64 20 Besv.
1220 1627 61 21 utsk.

813 1657 55 20 1872
892 1656 7 21 i
923 1656 159 26 ridderskapet
1105 1658 44 20 och
1172 1658 74 20 adeln.
1286 1656 100 21 Elektor.

781 1686 66 20 Ordf.
861 1686 7 20 i
883 1686 108 26 Lagutsk.
1019 1686 54 21 Led.
1087 1686 8 21 i
1109 1687 56 25 Lag-
1179 1687 44 20 och
1237 1686 75 21 Ekon.
1327 1686 59 20 utsk.

781 1716 44 20 och
842 1715 37 21 två
895 1715 84 27 gånger
996 1716 7 20 i
1020 1716 64 20 först.
1117 1716 120 21 Statsutsk.
