<?xml version="1.0" encoding="UTF-8"?>
<alto xmlns="http://www.loc.gov/standards/alto/ns-v3#" xmlns:xlink="http://www.w3.org/1999/xlink" xmlns:xsi="http://www.w3.org/2001/XMLSchema-instance" xsi:schemaLocation="http://www.loc.gov/standards/alto/ns-v3# http://www.loc.gov/alto/v3/alto-3-0.xsd">
	<Description>
		<MeasurementUnit>pixel</MeasurementUnit>
		<sourceImageInformation>
			<fileName>/tmp/tess_ree381y__input.PNG</fileName>
		</sourceImageInformation>
		<OCRProcessing ID="OCR_0">
			<ocrProcessingStep>
				<processingSoftware>
					<softwareName>tesseract 5.3.4</softwareName>
				</processingSoftware>
			</ocrProcessingStep>
		</OCRProcessing>
	</Description>
	<Layout>
		<Page WIDTH="1506" HEIGHT="1873" PHYSICAL_IMG_NR="0" ID="page_0">
			<PrintSpace HPOS="0" VPOS="0" WIDTH="1506" HEIGHT="1873">
				<ComposedBlock ID="cblock_0" HPOS="120" VPOS="77" WIDTH="35" HEIGHT="18">
					<TextBlock ID="block_0" HPOS="120" VPOS="77" WIDTH="35" HEIGHT="18">
						<TextLine ID="line_0" HPOS="120" VPOS="77" WIDTH="35" HEIGHT="18">
							<String ID="string_0" HPOS="120" VPOS="77" WIDTH="35" HEIGHT="18" WC="0.96" CONTENT="364"/>
						</TextLine>
					</TextBlock>
				</ComposedBlock>
				<ComposedBlock ID="cblock_1" HPOS="684" VPOS="78" WIDTH="156" HEIGHT="23">
					<TextBlock ID="block_1" HPOS="684" VPOS="78" WIDTH="156" HEIGHT="23">
						<TextLine ID="line_1" HPOS="684" VPOS="78" WIDTH="156" HEIGHT="23">
							<String ID="string_1" HPOS="684" VPOS="78" WIDTH="156" HEIGHT="23" WC="0.96" CONTENT="Personregister."/>
						</TextLine>
					</TextBlock>
				</ComposedBlock>
				<GraphicalElement ID="cblock_2" HPOS="121" VPOS="119" WIDTH="1271" HEIGHT="6"></GraphicalElement >
				<GraphicalElement ID="cblock_3" HPOS="121" VPOS="151" WIDTH="6" HEIGHT="1588"></GraphicalElement >
				<ComposedBlock ID="cblock_4" HPOS="144" VPOS="197" WIDTH="607" HEIGHT="484">
					<TextBlock ID="block_2" HPOS="144" VPOS="197" WIDTH="606" HEIGHT="91">
						<TextLine ID="line_2" HPOS="144" VPOS="197" WIDTH="265" HEIGHT="28">
							<String ID="string_2" HPOS="144" VPOS="197" WIDTH="143" HEIGHT="28" WC="0.96" CONTENT="Stenström,"/><SP WIDTH="17" VPOS="197" HPOS="287"/>
							<String ID="string_3" HPOS="304" VPOS="199" WIDTH="105" HEIGHT="26" WC="0.96" CONTENT="Fredrik,"/>
						</TextLine>
						<TextLine ID="line_3" HPOS="148" VPOS="237" WIDTH="602" HEIGHT="26">
							<String ID="string_4" HPOS="148" VPOS="237" WIDTH="14" HEIGHT="20" WC="0.88" CONTENT="f."/><SP WIDTH="15" VPOS="237" HPOS="162"/>
							<String ID="string_5" HPOS="177" VPOS="238" WIDTH="61" HEIGHT="20" WC="0.96" CONTENT="1857."/><SP WIDTH="28" VPOS="238" HPOS="238"/>
							<String ID="string_6" HPOS="266" VPOS="237" WIDTH="159" HEIGHT="26" WC="0.96" CONTENT="Borgmästare"/><SP WIDTH="11" VPOS="237" HPOS="425"/>
							<String ID="string_7" HPOS="436" VPOS="238" WIDTH="7" HEIGHT="20" WC="0.96" CONTENT="i"/><SP WIDTH="13" VPOS="238" HPOS="443"/>
							<String ID="string_8" HPOS="456" VPOS="238" WIDTH="81" HEIGHT="25" WC="0.89" CONTENT="Hangö"/><SP WIDTH="15" VPOS="238" HPOS="537"/>
							<String ID="string_9" HPOS="552" VPOS="238" WIDTH="143" HEIGHT="21" WC="0.88" CONTENT="1891—1903"/><SP WIDTH="12" VPOS="238" HPOS="695"/>
							<String ID="string_10" HPOS="707" VPOS="238" WIDTH="43" HEIGHT="20" WC="0.96" CONTENT="och"/>
						</TextLine>
						<TextLine ID="line_4" HPOS="149" VPOS="263" WIDTH="483" HEIGHT="25">
							<String ID="string_11" HPOS="149" VPOS="267" WIDTH="150" HEIGHT="21" WC="0.91" CONTENT="1906—1907."/><SP WIDTH="32" VPOS="267" HPOS="299"/>
							<String ID="string_12" HPOS="331" VPOS="268" WIDTH="105" HEIGHT="20" WC="0.89" CONTENT="Assessor"/><SP WIDTH="16" VPOS="268" HPOS="436"/>
							<String ID="string_13" HPOS="452" VPOS="268" WIDTH="7" HEIGHT="20" WC="0.96" CONTENT="i"/><SP WIDTH="16" VPOS="268" HPOS="459"/>
							<String ID="string_14" HPOS="475" VPOS="263" WIDTH="49" HEIGHT="25" WC="0.92" CONTENT="Åbo"/><SP WIDTH="16" VPOS="263" HPOS="524"/>
							<String ID="string_15" HPOS="540" VPOS="268" WIDTH="92" HEIGHT="20" WC="0.92" CONTENT="hofrätt."/>
						</TextLine>
					</TextBlock>
					<TextBlock ID="block_3" HPOS="150" VPOS="297" WIDTH="600" HEIGHT="86">
						<TextLine ID="line_5" HPOS="179" VPOS="297" WIDTH="571" HEIGHT="27">
							<String ID="string_16" HPOS="179" VPOS="297" WIDTH="54" HEIGHT="20" WC="0.93" CONTENT="1894"/><SP WIDTH="13" VPOS="297" HPOS="233"/>
							<String ID="string_17" HPOS="246" VPOS="297" WIDTH="131" HEIGHT="26" WC="0.92" CONTENT="fullmäktig"/><SP WIDTH="12" VPOS="297" HPOS="377"/>
							<String ID="string_18" HPOS="389" VPOS="297" WIDTH="35" HEIGHT="21" WC="0.96" CONTENT="för"/><SP WIDTH="13" VPOS="297" HPOS="424"/>
							<String ID="string_19" HPOS="437" VPOS="297" WIDTH="82" HEIGHT="26" WC="0.96" CONTENT="Hangö"/><SP WIDTH="12" VPOS="297" HPOS="519"/>
							<String ID="string_20" HPOS="531" VPOS="298" WIDTH="57" HEIGHT="20" WC="0.93" CONTENT="stad."/><SP WIDTH="28" VPOS="298" HPOS="588"/>
							<String ID="string_21" HPOS="616" VPOS="298" WIDTH="78" HEIGHT="26" WC="0.92" CONTENT="Suppl."/><SP WIDTH="13" VPOS="298" HPOS="694"/>
							<String ID="string_22" HPOS="707" VPOS="297" WIDTH="43" HEIGHT="20" WC="0.96" CONTENT="och"/>
						</TextLine>
						<TextLine ID="line_6" HPOS="150" VPOS="323" WIDTH="599" HEIGHT="30">
							<String ID="string_23" HPOS="150" VPOS="323" WIDTH="36" HEIGHT="28" WC="0.95" CONTENT="(fr."/><SP WIDTH="15" VPOS="323" HPOS="186"/>
							<String ID="string_24" HPOS="201" VPOS="328" WIDTH="25" HEIGHT="19" WC="0.96" CONTENT="13"/><SP WIDTH="13" VPOS="328" HPOS="226"/>
							<String ID="string_25" HPOS="239" VPOS="324" WIDTH="70" HEIGHT="27" WC="0.96" CONTENT="mars)"/><SP WIDTH="15" VPOS="324" HPOS="309"/>
							<String ID="string_26" HPOS="324" VPOS="327" WIDTH="42" HEIGHT="21" WC="0.95" CONTENT="led."/><SP WIDTH="17" VPOS="327" HPOS="366"/>
							<String ID="string_27" HPOS="383" VPOS="327" WIDTH="2" HEIGHT="20" WC="0.93" CONTENT="i"/><SP WIDTH="13" VPOS="327" HPOS="385"/>
							<String ID="string_28" HPOS="398" VPOS="327" WIDTH="107" HEIGHT="26" WC="0.89" CONTENT="Lagutsk."/><SP WIDTH="29" VPOS="327" HPOS="505"/>
							<String ID="string_29" HPOS="534" VPOS="327" WIDTH="73" HEIGHT="21" WC="0.92" CONTENT="Led.i"/><SP WIDTH="12" VPOS="327" HPOS="607"/>
							<String ID="string_30" HPOS="619" VPOS="327" WIDTH="57" HEIGHT="26" WC="0.93" CONTENT="Exp."/><SP WIDTH="14" VPOS="327" HPOS="676"/>
							<String ID="string_31" HPOS="690" VPOS="327" WIDTH="59" HEIGHT="20" WC="0.92" CONTENT="utsk."/>
						</TextLine>
						<TextLine ID="line_7" HPOS="150" VPOS="353" WIDTH="435" HEIGHT="30">
							<String ID="string_32" HPOS="150" VPOS="353" WIDTH="36" HEIGHT="28" WC="0.96" CONTENT="(fr."/><SP WIDTH="18" VPOS="353" HPOS="186"/>
							<String ID="string_33" HPOS="204" VPOS="357" WIDTH="12" HEIGHT="20" WC="0.96" CONTENT="2"/><SP WIDTH="16" VPOS="357" HPOS="216"/>
							<String ID="string_34" HPOS="232" VPOS="354" WIDTH="59" HEIGHT="28" WC="0.96" CONTENT="juni)"/><SP WIDTH="21" VPOS="354" HPOS="291"/>
							<String ID="string_35" HPOS="312" VPOS="357" WIDTH="42" HEIGHT="20" WC="0.96" CONTENT="och"/><SP WIDTH="17" VPOS="357" HPOS="354"/>
							<String ID="string_36" HPOS="371" VPOS="358" WIDTH="7" HEIGHT="21" WC="0.88" CONTENT="i"/><SP WIDTH="18" VPOS="358" HPOS="378"/>
							<String ID="string_37" HPOS="396" VPOS="357" WIDTH="63" HEIGHT="21" WC="0.93" CONTENT="först."/><SP WIDTH="18" VPOS="357" HPOS="459"/>
							<String ID="string_38" HPOS="477" VPOS="357" WIDTH="108" HEIGHT="26" WC="0.93" CONTENT="Lagutsk."/>
						</TextLine>
					</TextBlock>
					<TextBlock ID="block_4" HPOS="148" VPOS="386" WIDTH="602" HEIGHT="111">
						<TextLine ID="line_8" HPOS="178" VPOS="386" WIDTH="572" HEIGHT="27">
							<String ID="string_39" HPOS="178" VPOS="387" WIDTH="54" HEIGHT="20" WC="0.93" CONTENT="1897"/><SP WIDTH="25" VPOS="387" HPOS="232"/>
							<String ID="string_40" HPOS="257" VPOS="386" WIDTH="132" HEIGHT="26" WC="0.95" CONTENT="fullmäktig"/><SP WIDTH="23" VPOS="386" HPOS="389"/>
							<String ID="string_41" HPOS="412" VPOS="387" WIDTH="37" HEIGHT="20" WC="0.96" CONTENT="för"/><SP WIDTH="24" VPOS="387" HPOS="449"/>
							<String ID="string_42" HPOS="473" VPOS="387" WIDTH="82" HEIGHT="26" WC="0.96" CONTENT="Hangö"/><SP WIDTH="24" VPOS="387" HPOS="555"/>
							<String ID="string_43" HPOS="579" VPOS="388" WIDTH="55" HEIGHT="19" WC="0.97" CONTENT="stad."/><SP WIDTH="33" VPOS="388" HPOS="634"/>
							<String ID="string_44" HPOS="667" VPOS="387" WIDTH="53" HEIGHT="20" WC="0.72" CONTENT="Led."/><SP WIDTH="24" VPOS="387" HPOS="720"/>
							<String ID="string_45" HPOS="744" VPOS="386" WIDTH="6" HEIGHT="20" WC="0.96" CONTENT="i"/>
						</TextLine>
						<TextLine ID="line_9" HPOS="148" VPOS="414" WIDTH="602" HEIGHT="29">
							<String ID="string_46" HPOS="148" VPOS="416" WIDTH="200" HEIGHT="21" WC="0.85" CONTENT="Kommunalutsk."/><SP WIDTH="32" VPOS="416" HPOS="348"/>
							<String ID="string_47" HPOS="380" VPOS="417" WIDTH="78" HEIGHT="26" WC="0.94" CONTENT="Suppl."/><SP WIDTH="17" VPOS="417" HPOS="458"/>
							<String ID="string_48" HPOS="475" VPOS="417" WIDTH="43" HEIGHT="20" WC="0.96" CONTENT="och"/><SP WIDTH="19" VPOS="417" HPOS="518"/>
							<String ID="string_49" HPOS="537" VPOS="414" WIDTH="36" HEIGHT="26" WC="0.96" CONTENT="(fr."/><SP WIDTH="17" VPOS="414" HPOS="573"/>
							<String ID="string_50" HPOS="590" VPOS="417" WIDTH="27" HEIGHT="20" WC="0.96" CONTENT="28"/><SP WIDTH="16" VPOS="417" HPOS="617"/>
							<String ID="string_51" HPOS="633" VPOS="414" WIDTH="55" HEIGHT="29" WC="0.96" CONTENT="maj)"/><SP WIDTH="20" VPOS="414" HPOS="688"/>
							<String ID="string_52" HPOS="708" VPOS="417" WIDTH="42" HEIGHT="20" WC="0.96" CONTENT="led."/>
						</TextLine>
						<TextLine ID="line_10" HPOS="148" VPOS="443" WIDTH="598" HEIGHT="29">
							<String ID="string_53" HPOS="148" VPOS="445" WIDTH="5" HEIGHT="20" WC="0.96" CONTENT="i"/><SP WIDTH="21" VPOS="445" HPOS="153"/>
							<String ID="string_54" HPOS="174" VPOS="445" WIDTH="56" HEIGHT="26" WC="0.93" CONTENT="Exp."/><SP WIDTH="20" VPOS="445" HPOS="230"/>
							<String ID="string_55" HPOS="250" VPOS="446" WIDTH="60" HEIGHT="21" WC="0.88" CONTENT="utsk."/><SP WIDTH="36" VPOS="446" HPOS="310"/>
							<String ID="string_56" HPOS="346" VPOS="447" WIDTH="78" HEIGHT="25" WC="0.95" CONTENT="Suppl."/><SP WIDTH="21" VPOS="447" HPOS="424"/>
							<String ID="string_57" HPOS="445" VPOS="447" WIDTH="6" HEIGHT="20" WC="0.93" CONTENT="i"/><SP WIDTH="21" VPOS="447" HPOS="451"/>
							<String ID="string_58" HPOS="472" VPOS="447" WIDTH="107" HEIGHT="25" WC="0.91" CONTENT="Lagutsk."/><SP WIDTH="23" VPOS="447" HPOS="579"/>
							<String ID="string_59" HPOS="602" VPOS="443" WIDTH="35" HEIGHT="27" WC="0.95" CONTENT="(fr."/><SP WIDTH="22" VPOS="443" HPOS="637"/>
							<String ID="string_60" HPOS="659" VPOS="447" WIDTH="9" HEIGHT="19" WC="0.92" CONTENT="1"/><SP WIDTH="22" VPOS="447" HPOS="668"/>
							<String ID="string_61" HPOS="690" VPOS="443" WIDTH="56" HEIGHT="29" WC="0.93" CONTENT="apr.)"/>
						</TextLine>
						<TextLine ID="line_11" HPOS="148" VPOS="475" WIDTH="285" HEIGHT="22">
							<String ID="string_62" HPOS="148" VPOS="476" WIDTH="42" HEIGHT="19" WC="0.96" CONTENT="och"/><SP WIDTH="17" VPOS="476" HPOS="190"/>
							<String ID="string_63" HPOS="207" VPOS="475" WIDTH="7" HEIGHT="21" WC="0.96" CONTENT="i"/><SP WIDTH="18" VPOS="475" HPOS="214"/>
							<String ID="string_64" HPOS="232" VPOS="475" WIDTH="63" HEIGHT="22" WC="0.93" CONTENT="först."/><SP WIDTH="18" VPOS="475" HPOS="295"/>
							<String ID="string_65" HPOS="313" VPOS="477" WIDTH="120" HEIGHT="20" WC="0.92" CONTENT="Statsutsk."/>
						</TextLine>
					</TextBlock>
					<TextBlock ID="block_5" HPOS="147" VPOS="505" WIDTH="464" HEIGHT="56">
						<TextLine ID="line_12" HPOS="179" VPOS="505" WIDTH="432" HEIGHT="27">
							<String ID="string_66" HPOS="179" VPOS="507" WIDTH="54" HEIGHT="20" WC="0.91" CONTENT="1899"/><SP WIDTH="20" VPOS="507" HPOS="233"/>
							<String ID="string_67" HPOS="253" VPOS="505" WIDTH="131" HEIGHT="27" WC="0.92" CONTENT="fullmäktig"/><SP WIDTH="18" VPOS="505" HPOS="384"/>
							<String ID="string_68" HPOS="402" VPOS="506" WIDTH="36" HEIGHT="21" WC="0.96" CONTENT="för"/><SP WIDTH="18" VPOS="506" HPOS="438"/>
							<String ID="string_69" HPOS="456" VPOS="507" WIDTH="82" HEIGHT="25" WC="0.96" CONTENT="Hangö"/><SP WIDTH="17" VPOS="507" HPOS="538"/>
							<String ID="string_70" HPOS="555" VPOS="507" WIDTH="56" HEIGHT="20" WC="0.96" CONTENT="stad."/>
						</TextLine>
						<TextLine ID="line_13" HPOS="147" VPOS="535" WIDTH="184" HEIGHT="26">
							<String ID="string_71" HPOS="147" VPOS="535" WIDTH="106" HEIGHT="26" WC="0.71" CONTENT="Värnepi."/><SP WIDTH="19" VPOS="535" HPOS="253"/>
							<String ID="string_72" HPOS="272" VPOS="535" WIDTH="59" HEIGHT="21" WC="0.92" CONTENT="utsk."/>
						</TextLine>
					</TextBlock>
					<TextBlock ID="block_6" HPOS="147" VPOS="565" WIDTH="602" HEIGHT="54">
						<TextLine ID="line_14" HPOS="179" VPOS="565" WIDTH="570" HEIGHT="26">
							<String ID="string_73" HPOS="179" VPOS="565" WIDTH="55" HEIGHT="21" WC="0.93" CONTENT="1900"/><SP WIDTH="11" VPOS="565" HPOS="234"/>
							<String ID="string_74" HPOS="245" VPOS="565" WIDTH="130" HEIGHT="26" WC="0.92" CONTENT="fullmäktig"/><SP WIDTH="12" VPOS="565" HPOS="375"/>
							<String ID="string_75" HPOS="387" VPOS="566" WIDTH="36" HEIGHT="20" WC="0.96" CONTENT="för"/><SP WIDTH="10" VPOS="566" HPOS="423"/>
							<String ID="string_76" HPOS="433" VPOS="566" WIDTH="82" HEIGHT="25" WC="0.96" CONTENT="Hangö"/><SP WIDTH="12" VPOS="566" HPOS="515"/>
							<String ID="string_77" HPOS="527" VPOS="567" WIDTH="56" HEIGHT="20" WC="0.96" CONTENT="stad."/><SP WIDTH="12" VPOS="567" HPOS="583"/>
							<String ID="string_78" HPOS="595" VPOS="566" WIDTH="53" HEIGHT="21" WC="0.94" CONTENT="Led."/><SP WIDTH="11" VPOS="566" HPOS="648"/>
							<String ID="string_79" HPOS="659" VPOS="565" WIDTH="6" HEIGHT="21" WC="0.93" CONTENT="i"/><SP WIDTH="11" VPOS="565" HPOS="665"/>
							<String ID="string_80" HPOS="676" VPOS="566" WIDTH="73" HEIGHT="20" WC="0.92" CONTENT="Ekon."/>
						</TextLine>
						<TextLine ID="line_15" HPOS="147" VPOS="595" WIDTH="545" HEIGHT="24">
							<String ID="string_81" HPOS="147" VPOS="595" WIDTH="69" HEIGHT="24" WC="0.92" CONTENT="utsk.;"/><SP WIDTH="16" VPOS="595" HPOS="216"/>
							<String ID="string_82" HPOS="232" VPOS="595" WIDTH="6" HEIGHT="20" WC="0.95" CONTENT="i"/><SP WIDTH="16" VPOS="595" HPOS="238"/>
							<String ID="string_83" HPOS="254" VPOS="595" WIDTH="57" HEIGHT="21" WC="0.93" CONTENT="Just."/><SP WIDTH="16" VPOS="595" HPOS="311"/>
							<String ID="string_84" HPOS="327" VPOS="596" WIDTH="60" HEIGHT="20" WC="0.92" CONTENT="utsk."/><SP WIDTH="16" VPOS="596" HPOS="387"/>
							<String ID="string_85" HPOS="403" VPOS="596" WIDTH="43" HEIGHT="20" WC="0.96" CONTENT="och"/><SP WIDTH="16" VPOS="596" HPOS="446"/>
							<String ID="string_86" HPOS="462" VPOS="595" WIDTH="6" HEIGHT="21" WC="0.96" CONTENT="i"/><SP WIDTH="15" VPOS="595" HPOS="468"/>
							<String ID="string_87" HPOS="483" VPOS="595" WIDTH="64" HEIGHT="22" WC="0.93" CONTENT="först."/><SP WIDTH="17" VPOS="595" HPOS="547"/>
							<String ID="string_88" HPOS="564" VPOS="596" WIDTH="51" HEIGHT="20" WC="0.92" CONTENT="Bev."/><SP WIDTH="17" VPOS="596" HPOS="615"/>
							<String ID="string_89" HPOS="632" VPOS="595" WIDTH="60" HEIGHT="21" WC="0.91" CONTENT="utsk."/>
						</TextLine>
					</TextBlock>
					<TextBlock ID="block_7" HPOS="149" VPOS="624" WIDTH="602" HEIGHT="57">
						<TextLine ID="line_16" HPOS="179" VPOS="624" WIDTH="572" HEIGHT="28">
							<String ID="string_90" HPOS="179" VPOS="624" WIDTH="91" HEIGHT="26" WC="0.90" CONTENT="1904/05"/><SP WIDTH="17" VPOS="624" HPOS="270"/>
							<String ID="string_91" HPOS="287" VPOS="625" WIDTH="132" HEIGHT="27" WC="0.92" CONTENT="fullmäktig"/><SP WIDTH="16" VPOS="625" HPOS="419"/>
							<String ID="string_92" HPOS="435" VPOS="625" WIDTH="35" HEIGHT="21" WC="0.96" CONTENT="för"/><SP WIDTH="16" VPOS="625" HPOS="470"/>
							<String ID="string_93" HPOS="486" VPOS="626" WIDTH="81" HEIGHT="25" WC="0.96" CONTENT="Hangö"/><SP WIDTH="18" VPOS="626" HPOS="567"/>
							<String ID="string_94" HPOS="585" VPOS="626" WIDTH="56" HEIGHT="20" WC="0.93" CONTENT="stad."/><SP WIDTH="33" VPOS="626" HPOS="641"/>
							<String ID="string_95" HPOS="674" VPOS="624" WIDTH="77" HEIGHT="22" WC="0.92" CONTENT="Led.i"/>
						</TextLine>
						<TextLine ID="line_17" HPOS="149" VPOS="655" WIDTH="380" HEIGHT="26">
							<String ID="string_96" HPOS="149" VPOS="655" WIDTH="72" HEIGHT="20" WC="0.91" CONTENT="Ekon."/><SP WIDTH="16" VPOS="655" HPOS="221"/>
							<String ID="string_97" HPOS="237" VPOS="655" WIDTH="60" HEIGHT="20" WC="0.89" CONTENT="utsk."/><SP WIDTH="17" VPOS="655" HPOS="297"/>
							<String ID="string_98" HPOS="314" VPOS="656" WIDTH="42" HEIGHT="20" WC="0.96" CONTENT="och"/><SP WIDTH="17" VPOS="656" HPOS="356"/>
							<String ID="string_99" HPOS="373" VPOS="657" WIDTH="6" HEIGHT="20" WC="0.95" CONTENT="i"/><SP WIDTH="17" VPOS="657" HPOS="379"/>
							<String ID="string_100" HPOS="396" VPOS="655" WIDTH="57" HEIGHT="26" WC="0.93" CONTENT="Exp."/><SP WIDTH="16" VPOS="655" HPOS="453"/>
							<String ID="string_101" HPOS="469" VPOS="655" WIDTH="60" HEIGHT="21" WC="0.93" CONTENT="utsk."/>
						</TextLine>
					</TextBlock>
				</ComposedBlock>
				<ComposedBlock ID="cblock_5" HPOS="646" VPOS="505" WIDTH="104" HEIGHT="27">
					<TextBlock ID="block_8" HPOS="646" VPOS="505" WIDTH="104" HEIGHT="27">
						<TextLine ID="line_18" HPOS="646" VPOS="505" WIDTH="104" HEIGHT="27">
							<String ID="string_102" HPOS="646" VPOS="506" WIDTH="78" HEIGHT="26" WC="0.95" CONTENT="Suppl."/><SP WIDTH="20" VPOS="506" HPOS="724"/>
							<String ID="string_103" HPOS="744" VPOS="505" WIDTH="6" HEIGHT="21" WC="0.96" CONTENT="i"/>
						</TextLine>
					</TextBlock>
				</ComposedBlock>
				<ComposedBlock ID="cblock_6" HPOS="146" VPOS="717" WIDTH="453" HEIGHT="27">
					<TextBlock ID="block_9" HPOS="146" VPOS="717" WIDTH="453" HEIGHT="27">
						<TextLine ID="line_19" HPOS="146" VPOS="717" WIDTH="453" HEIGHT="27">
							<String ID="string_104" HPOS="146" VPOS="717" WIDTH="231" HEIGHT="27" WC="0.91" CONTENT="Stewen-Steinheil,"/><SP WIDTH="16" VPOS="717" HPOS="377"/>
							<String ID="string_105" HPOS="393" VPOS="717" WIDTH="81" HEIGHT="23" WC="0.96" CONTENT="Alexis"/><SP WIDTH="18" VPOS="717" HPOS="474"/>
							<String ID="string_106" HPOS="492" VPOS="718" WIDTH="107" HEIGHT="25" WC="0.96" CONTENT="Fredrik,"/>
						</TextLine>
					</TextBlock>
				</ComposedBlock>
				<ComposedBlock ID="cblock_7" HPOS="148" VPOS="756" WIDTH="602" HEIGHT="117">
					<TextBlock ID="block_10" HPOS="148" VPOS="756" WIDTH="602" HEIGHT="57">
						<TextLine ID="line_20" HPOS="148" VPOS="756" WIDTH="602" HEIGHT="27">
							<String ID="string_107" HPOS="148" VPOS="757" WIDTH="82" HEIGHT="26" WC="0.92" CONTENT="grefve,"/><SP WIDTH="12" VPOS="757" HPOS="230"/>
							<String ID="string_108" HPOS="242" VPOS="756" WIDTH="16" HEIGHT="21" WC="0.90" CONTENT="f."/><SP WIDTH="13" VPOS="756" HPOS="258"/>
							<String ID="string_109" HPOS="271" VPOS="758" WIDTH="62" HEIGHT="20" WC="0.93" CONTENT="1849."/><SP WIDTH="13" VPOS="758" HPOS="333"/>
							<String ID="string_110" HPOS="346" VPOS="757" WIDTH="328" HEIGHT="24" WC="0.92" CONTENT="Guvernementssekreterare,"/><SP WIDTH="12" VPOS="757" HPOS="674"/>
							<String ID="string_111" HPOS="686" VPOS="757" WIDTH="64" HEIGHT="26" WC="0.92" CONTENT="gods-"/>
						</TextLine>
						<TextLine ID="line_21" HPOS="148" VPOS="787" WIDTH="72" HEIGHT="26">
							<String ID="string_112" HPOS="148" VPOS="787" WIDTH="72" HEIGHT="26" WC="0.90" CONTENT="ägare."/>
						</TextLine>
					</TextBlock>
					<TextBlock ID="block_11" HPOS="179" VPOS="815" WIDTH="438" HEIGHT="28">
						<TextLine ID="line_22" HPOS="179" VPOS="815" WIDTH="438" HEIGHT="28">
							<String ID="string_113" HPOS="179" VPOS="815" WIDTH="92" HEIGHT="26" WC="0.89" CONTENT="1877/78"/><SP WIDTH="17" VPOS="815" HPOS="271"/>
							<String ID="string_114" HPOS="288" VPOS="817" WIDTH="6" HEIGHT="20" WC="0.93" CONTENT="i"/><SP WIDTH="16" VPOS="817" HPOS="294"/>
							<String ID="string_115" HPOS="310" VPOS="817" WIDTH="158" HEIGHT="26" WC="0.92" CONTENT="ridderskapet"/><SP WIDTH="16" VPOS="817" HPOS="468"/>
							<String ID="string_116" HPOS="484" VPOS="817" WIDTH="43" HEIGHT="21" WC="0.92" CONTENT="och"/><SP WIDTH="18" VPOS="817" HPOS="527"/>
							<String ID="string_117" HPOS="545" VPOS="817" WIDTH="72" HEIGHT="21" WC="0.92" CONTENT="adeln."/>
						</TextLine>
					</TextBlock>
					<TextBlock ID="block_12" HPOS="179" VPOS="846" WIDTH="407" HEIGHT="27">
						<TextLine ID="line_23" HPOS="179" VPOS="846" WIDTH="407" HEIGHT="27">
							<String ID="string_118" HPOS="179" VPOS="848" WIDTH="54" HEIGHT="20" WC="0.96" CONTENT="1882"/><SP WIDTH="19" VPOS="848" HPOS="233"/>
							<String ID="string_119" HPOS="252" VPOS="846" WIDTH="6" HEIGHT="21" WC="0.93" CONTENT="i"/><SP WIDTH="17" VPOS="846" HPOS="258"/>
							<String ID="string_120" HPOS="275" VPOS="846" WIDTH="160" HEIGHT="27" WC="0.92" CONTENT="ridderskapet"/><SP WIDTH="16" VPOS="846" HPOS="435"/>
							<String ID="string_121" HPOS="451" VPOS="848" WIDTH="44" HEIGHT="20" WC="0.93" CONTENT="och"/><SP WIDTH="17" VPOS="848" HPOS="495"/>
							<String ID="string_122" HPOS="512" VPOS="847" WIDTH="74" HEIGHT="21" WC="0.93" CONTENT="adeln."/>
						</TextLine>
					</TextBlock>
				</ComposedBlock>
				<ComposedBlock ID="cblock_8" HPOS="145" VPOS="908" WIDTH="343" HEIGHT="28">
					<TextBlock ID="block_13" HPOS="145" VPOS="908" WIDTH="343" HEIGHT="28">
						<TextLine ID="line_24" HPOS="145" VPOS="908" WIDTH="343" HEIGHT="28">
							<String ID="string_123" HPOS="145" VPOS="908" WIDTH="125" HEIGHT="28" WC="0.66" CONTENT="Stichaus,"/><SP WIDTH="16" VPOS="908" HPOS="270"/>
							<String ID="string_124" HPOS="286" VPOS="909" WIDTH="79" HEIGHT="22" WC="0.96" CONTENT="Johan"/><SP WIDTH="18" VPOS="909" HPOS="365"/>
							<String ID="string_125" HPOS="383" VPOS="909" WIDTH="105" HEIGHT="27" WC="0.96" CONTENT="Fredrik,"/>
						</TextLine>
					</TextBlock>
				</ComposedBlock>
				<ComposedBlock ID="cblock_9" HPOS="147" VPOS="946" WIDTH="604" HEIGHT="147">
					<TextBlock ID="block_14" HPOS="148" VPOS="946" WIDTH="603" HEIGHT="29">
						<TextLine ID="line_25" HPOS="148" VPOS="946" WIDTH="603" HEIGHT="29">
							<String ID="string_126" HPOS="148" VPOS="948" WIDTH="15" HEIGHT="21" WC="0.91" CONTENT="f."/><SP WIDTH="17" VPOS="948" HPOS="163"/>
							<String ID="string_127" HPOS="180" VPOS="949" WIDTH="61" HEIGHT="24" WC="0.93" CONTENT="1778,"/><SP WIDTH="23" VPOS="949" HPOS="241"/>
							<String ID="string_128" HPOS="264" VPOS="946" WIDTH="7" HEIGHT="25" WC="0.12" CONTENT="$"/><SP WIDTH="18" VPOS="946" HPOS="271"/>
							<String ID="string_129" HPOS="289" VPOS="949" WIDTH="62" HEIGHT="20" WC="0.90" CONTENT="1853."/><SP WIDTH="30" VPOS="949" HPOS="351"/>
							<String ID="string_130" HPOS="381" VPOS="949" WIDTH="191" HEIGHT="26" WC="0.79" CONTENT="Kämnerspreses"/><SP WIDTH="15" VPOS="949" HPOS="572"/>
							<String ID="string_131" HPOS="587" VPOS="949" WIDTH="5" HEIGHT="20" WC="0.96" CONTENT="i"/><SP WIDTH="17" VPOS="949" HPOS="592"/>
							<String ID="string_132" HPOS="609" VPOS="949" WIDTH="142" HEIGHT="26" WC="0.96" CONTENT="Helsingfors"/>
						</TextLine>
					</TextBlock>
					<TextBlock ID="block_15" HPOS="150" VPOS="978" WIDTH="601" HEIGHT="27">
						<TextLine ID="line_26" HPOS="150" VPOS="978" WIDTH="601" HEIGHT="27">
							<String ID="string_133" HPOS="150" VPOS="979" WIDTH="61" HEIGHT="20" WC="0.93" CONTENT="1801."/><SP WIDTH="30" VPOS="979" HPOS="211"/>
							<String ID="string_134" HPOS="241" VPOS="978" WIDTH="302" HEIGHT="21" WC="0.89" CONTENT="Referendariesekreterare"/><SP WIDTH="15" VPOS="978" HPOS="543"/>
							<String ID="string_135" HPOS="558" VPOS="979" WIDTH="6" HEIGHT="20" WC="0.93" CONTENT="i"/><SP WIDTH="16" VPOS="979" HPOS="564"/>
							<String ID="string_136" HPOS="580" VPOS="978" WIDTH="171" HEIGHT="27" WC="0.92" CONTENT="regeringskon-"/>
						</TextLine>
					</TextBlock>
					<TextBlock ID="block_16" HPOS="147" VPOS="1008" WIDTH="603" HEIGHT="26">
						<TextLine ID="line_27" HPOS="147" VPOS="1008" WIDTH="603" HEIGHT="26">
							<String ID="string_137" HPOS="147" VPOS="1008" WIDTH="72" HEIGHT="26" WC="0.92" CONTENT="seljen"/><SP WIDTH="14" VPOS="1008" HPOS="219"/>
							<String ID="string_138" HPOS="233" VPOS="1009" WIDTH="62" HEIGHT="20" WC="0.93" CONTENT="1809."/><SP WIDTH="28" VPOS="1009" HPOS="295"/>
							<String ID="string_139" HPOS="323" VPOS="1008" WIDTH="264" HEIGHT="21" WC="0.87" CONTENT="Prokuratorssubstitut"/><SP WIDTH="13" VPOS="1008" HPOS="587"/>
							<String ID="string_140" HPOS="600" VPOS="1009" WIDTH="150" HEIGHT="20" WC="0.90" CONTENT="1812—1816."/>
						</TextLine>
					</TextBlock>
					<TextBlock ID="block_17" HPOS="148" VPOS="1037" WIDTH="573" HEIGHT="56">
						<TextLine ID="line_28" HPOS="148" VPOS="1037" WIDTH="573" HEIGHT="27">
							<String ID="string_141" HPOS="148" VPOS="1037" WIDTH="175" HEIGHT="27" WC="0.91" CONTENT="Landshöfding"/><SP WIDTH="14" VPOS="1037" HPOS="323"/>
							<String ID="string_142" HPOS="337" VPOS="1038" WIDTH="7" HEIGHT="21" WC="0.93" CONTENT="i"/><SP WIDTH="15" VPOS="1038" HPOS="344"/>
							<String ID="string_143" HPOS="359" VPOS="1039" WIDTH="142" HEIGHT="20" WC="0.92" CONTENT="Tavastehus"/><SP WIDTH="15" VPOS="1039" HPOS="501"/>
							<String ID="string_144" HPOS="516" VPOS="1039" WIDTH="37" HEIGHT="20" WC="0.93" CONTENT="län"/><SP WIDTH="18" VPOS="1039" HPOS="553"/>
							<String ID="string_145" HPOS="571" VPOS="1039" WIDTH="150" HEIGHT="20" WC="0.89" CONTENT="1831—1841."/>
						</TextLine>
						<TextLine ID="line_29" HPOS="179" VPOS="1068" WIDTH="422" HEIGHT="25">
							<String ID="string_146" HPOS="179" VPOS="1068" WIDTH="55" HEIGHT="20" WC="0.92" CONTENT="1809"/><SP WIDTH="18" VPOS="1068" HPOS="234"/>
							<String ID="string_147" HPOS="252" VPOS="1068" WIDTH="185" HEIGHT="25" WC="0.91" CONTENT="borgarständets"/><SP WIDTH="18" VPOS="1068" HPOS="437"/>
							<String ID="string_148" HPOS="455" VPOS="1068" WIDTH="146" HEIGHT="21" WC="0.92" CONTENT="sekreterare."/>
						</TextLine>
					</TextBlock>
				</ComposedBlock>
				<ComposedBlock ID="cblock_10" HPOS="145" VPOS="1129" WIDTH="406" HEIGHT="28">
					<TextBlock ID="block_18" HPOS="145" VPOS="1129" WIDTH="406" HEIGHT="28">
						<TextLine ID="line_30" HPOS="145" VPOS="1129" WIDTH="406" HEIGHT="28">
							<String ID="string_149" HPOS="145" VPOS="1129" WIDTH="134" HEIGHT="28" WC="0.91" CONTENT="Stierwald,"/><SP WIDTH="17" VPOS="1129" HPOS="279"/>
							<String ID="string_150" HPOS="296" VPOS="1129" WIDTH="119" HEIGHT="24" WC="0.96" CONTENT="Reinhold"/><SP WIDTH="16" VPOS="1129" HPOS="415"/>
							<String ID="string_151" HPOS="431" VPOS="1130" WIDTH="120" HEIGHT="27" WC="0.96" CONTENT="Wilhelm,"/>
						</TextLine>
					</TextBlock>
				</ComposedBlock>
				<ComposedBlock ID="cblock_11" HPOS="147" VPOS="1166" WIDTH="604" HEIGHT="172">
					<TextBlock ID="block_19" HPOS="147" VPOS="1166" WIDTH="604" HEIGHT="148">
						<TextLine ID="line_31" HPOS="149" VPOS="1166" WIDTH="601" HEIGHT="27">
							<String ID="string_152" HPOS="149" VPOS="1169" WIDTH="14" HEIGHT="20" WC="0.82" CONTENT="f."/><SP WIDTH="17" VPOS="1169" HPOS="163"/>
							<String ID="string_153" HPOS="180" VPOS="1169" WIDTH="62" HEIGHT="24" WC="0.96" CONTENT="1760,"/><SP WIDTH="15" VPOS="1169" HPOS="242"/>
							<String ID="string_154" HPOS="257" VPOS="1166" WIDTH="14" HEIGHT="25" WC="0.30" CONTENT="€"/><SP WIDTH="17" VPOS="1166" HPOS="271"/>
							<String ID="string_155" HPOS="288" VPOS="1170" WIDTH="61" HEIGHT="20" WC="0.94" CONTENT="1815."/><SP WIDTH="31" VPOS="1170" HPOS="349"/>
							<String ID="string_156" HPOS="380" VPOS="1169" WIDTH="63" HEIGHT="22" WC="0.93" CONTENT="Juris"/><SP WIDTH="14" VPOS="1169" HPOS="443"/>
							<String ID="string_157" HPOS="457" VPOS="1169" WIDTH="100" HEIGHT="20" WC="0.96" CONTENT="licentiat"/><SP WIDTH="16" VPOS="1169" HPOS="557"/>
							<String ID="string_158" HPOS="573" VPOS="1170" WIDTH="62" HEIGHT="19" WC="0.92" CONTENT="1784."/><SP WIDTH="31" VPOS="1170" HPOS="635"/>
							<String ID="string_159" HPOS="666" VPOS="1169" WIDTH="84" HEIGHT="20" WC="0.91" CONTENT="Lands-"/>
						</TextLine>
						<TextLine ID="line_32" HPOS="148" VPOS="1198" WIDTH="603" HEIGHT="27">
							<String ID="string_160" HPOS="148" VPOS="1198" WIDTH="139" HEIGHT="21" WC="0.92" CONTENT="sekreterare"/><SP WIDTH="22" VPOS="1198" HPOS="287"/>
							<String ID="string_161" HPOS="309" VPOS="1199" WIDTH="1" HEIGHT="20" WC="0.93" CONTENT="i"/><SP WIDTH="16" VPOS="1199" HPOS="310"/>
							<String ID="string_162" HPOS="326" VPOS="1199" WIDTH="195" HEIGHT="26" WC="0.91" CONTENT="Kymmenegärds"/><SP WIDTH="18" VPOS="1199" HPOS="521"/>
							<String ID="string_163" HPOS="539" VPOS="1199" WIDTH="44" HEIGHT="20" WC="0.91" CONTENT="län."/><SP WIDTH="33" VPOS="1199" HPOS="583"/>
							<String ID="string_164" HPOS="616" VPOS="1199" WIDTH="135" HEIGHT="20" WC="0.91" CONTENT="Referenda-"/>
						</TextLine>
						<TextLine ID="line_33" HPOS="148" VPOS="1228" WIDTH="603" HEIGHT="27">
							<String ID="string_165" HPOS="148" VPOS="1228" WIDTH="172" HEIGHT="21" WC="0.91" CONTENT="riesekreterare"/><SP WIDTH="14" VPOS="1228" HPOS="320"/>
							<String ID="string_166" HPOS="334" VPOS="1229" WIDTH="7" HEIGHT="20" WC="0.93" CONTENT="i"/><SP WIDTH="13" VPOS="1229" HPOS="341"/>
							<String ID="string_167" HPOS="354" VPOS="1229" WIDTH="234" HEIGHT="26" WC="0.92" CONTENT="regeringskonseljen"/><SP WIDTH="18" VPOS="1229" HPOS="588"/>
							<String ID="string_168" HPOS="606" VPOS="1229" WIDTH="62" HEIGHT="20" WC="0.93" CONTENT="1809."/><SP WIDTH="22" VPOS="1229" HPOS="668"/>
							<String ID="string_169" HPOS="690" VPOS="1229" WIDTH="61" HEIGHT="20" WC="0.93" CONTENT="Med-"/>
						</TextLine>
						<TextLine ID="line_34" HPOS="148" VPOS="1258" WIDTH="603" HEIGHT="26">
							<String ID="string_170" HPOS="148" VPOS="1258" WIDTH="44" HEIGHT="20" WC="0.92" CONTENT="lem"/><SP WIDTH="21" VPOS="1258" HPOS="192"/>
							<String ID="string_171" HPOS="213" VPOS="1258" WIDTH="7" HEIGHT="20" WC="0.93" CONTENT="i"/><SP WIDTH="20" VPOS="1258" HPOS="220"/>
							<String ID="string_172" HPOS="240" VPOS="1258" WIDTH="119" HEIGHT="26" WC="0.92" CONTENT="konseljen"/><SP WIDTH="22" VPOS="1258" HPOS="359"/>
							<String ID="string_173" HPOS="381" VPOS="1259" WIDTH="43" HEIGHT="20" WC="0.93" CONTENT="och"/><SP WIDTH="19" VPOS="1259" HPOS="424"/>
							<String ID="string_174" HPOS="443" VPOS="1258" WIDTH="53" HEIGHT="21" WC="0.92" CONTENT="chef"/><SP WIDTH="20" VPOS="1258" HPOS="496"/>
							<String ID="string_175" HPOS="516" VPOS="1259" WIDTH="36" HEIGHT="20" WC="0.93" CONTENT="för"/><SP WIDTH="20" VPOS="1259" HPOS="552"/>
							<String ID="string_176" HPOS="572" VPOS="1259" WIDTH="115" HEIGHT="20" WC="0.92" CONTENT="kammar-"/><SP WIDTH="21" VPOS="1259" HPOS="687"/>
							<String ID="string_177" HPOS="708" VPOS="1258" WIDTH="43" HEIGHT="21" WC="0.96" CONTENT="och"/>
						</TextLine>
						<TextLine ID="line_35" HPOS="147" VPOS="1287" WIDTH="386" HEIGHT="27">
							<String ID="string_178" HPOS="147" VPOS="1287" WIDTH="305" HEIGHT="27" WC="0.92" CONTENT="räkenskapsexpeditionen"/><SP WIDTH="20" VPOS="1287" HPOS="452"/>
							<String ID="string_179" HPOS="472" VPOS="1289" WIDTH="61" HEIGHT="20" WC="0.96" CONTENT="1812."/>
						</TextLine>
					</TextBlock>
					<TextBlock ID="block_20" HPOS="179" VPOS="1317" WIDTH="410" HEIGHT="21">
						<TextLine ID="line_36" HPOS="179" VPOS="1317" WIDTH="410" HEIGHT="21">
							<String ID="string_180" HPOS="179" VPOS="1317" WIDTH="56" HEIGHT="21" WC="0.92" CONTENT="1809"/><SP WIDTH="22" VPOS="1317" HPOS="235"/>
							<String ID="string_181" HPOS="257" VPOS="1317" WIDTH="138" HEIGHT="21" WC="0.92" CONTENT="sekreterare"/><SP WIDTH="21" VPOS="1317" HPOS="395"/>
							<String ID="string_182" HPOS="416" VPOS="1318" WIDTH="6" HEIGHT="20" WC="0.93" CONTENT="i"/><SP WIDTH="21" VPOS="1318" HPOS="422"/>
							<String ID="string_183" HPOS="443" VPOS="1318" WIDTH="146" HEIGHT="20" WC="0.92" CONTENT="Finansutsk."/>
						</TextLine>
					</TextBlock>
				</ComposedBlock>
				<ComposedBlock ID="cblock_12" HPOS="145" VPOS="1379" WIDTH="316" HEIGHT="28">
					<TextBlock ID="block_21" HPOS="145" VPOS="1379" WIDTH="316" HEIGHT="28">
						<TextLine ID="line_37" HPOS="145" VPOS="1379" WIDTH="316" HEIGHT="28">
							<String ID="string_184" HPOS="145" VPOS="1379" WIDTH="136" HEIGHT="28" WC="0.96" CONTENT="Stigzelius,"/><SP WIDTH="17" VPOS="1379" HPOS="281"/>
							<String ID="string_185" HPOS="298" VPOS="1379" WIDTH="56" HEIGHT="22" WC="0.96" CONTENT="Erik"/><SP WIDTH="17" VPOS="1379" HPOS="354"/>
							<String ID="string_186" HPOS="371" VPOS="1380" WIDTH="90" HEIGHT="27" WC="0.96" CONTENT="Albert,"/>
						</TextLine>
					</TextBlock>
				</ComposedBlock>
				<ComposedBlock ID="cblock_13" HPOS="147" VPOS="1415" WIDTH="603" HEIGHT="327">
					<TextBlock ID="block_22" HPOS="148" VPOS="1415" WIDTH="602" HEIGHT="59">
						<TextLine ID="line_38" HPOS="148" VPOS="1415" WIDTH="602" HEIGHT="28">
							<String ID="string_187" HPOS="148" VPOS="1418" WIDTH="14" HEIGHT="20" WC="0.92" CONTENT="f."/><SP WIDTH="18" VPOS="1418" HPOS="162"/>
							<String ID="string_188" HPOS="180" VPOS="1419" WIDTH="61" HEIGHT="20" WC="0.91" CONTENT="1853."/><SP WIDTH="32" VPOS="1419" HPOS="241"/>
							<String ID="string_189" HPOS="273" VPOS="1419" WIDTH="98" HEIGHT="24" WC="0.90" CONTENT="Notarie,"/><SP WIDTH="18" VPOS="1419" HPOS="371"/>
							<String ID="string_190" HPOS="389" VPOS="1419" WIDTH="56" HEIGHT="20" WC="0.93" CONTENT="1896"/><SP WIDTH="14" VPOS="1419" HPOS="445"/>
							<String ID="string_191" HPOS="459" VPOS="1425" WIDTH="99" HEIGHT="14" WC="0.92" CONTENT="assessor"/><SP WIDTH="16" VPOS="1425" HPOS="558"/>
							<String ID="string_192" HPOS="574" VPOS="1419" WIDTH="6" HEIGHT="20" WC="0.93" CONTENT="i"/><SP WIDTH="14" VPOS="1419" HPOS="580"/>
							<String ID="string_193" HPOS="594" VPOS="1415" WIDTH="50" HEIGHT="24" WC="0.92" CONTENT="Äbo"/><SP WIDTH="14" VPOS="1415" HPOS="644"/>
							<String ID="string_194" HPOS="658" VPOS="1419" WIDTH="92" HEIGHT="20" WC="0.91" CONTENT="hofrätt."/>
						</TextLine>
						<TextLine ID="line_39" HPOS="149" VPOS="1447" WIDTH="476" HEIGHT="27">
							<String ID="string_195" HPOS="149" VPOS="1447" WIDTH="188" HEIGHT="27" WC="0.92" CONTENT="Häradshöfding"/><SP WIDTH="19" VPOS="1447" HPOS="337"/>
							<String ID="string_196" HPOS="356" VPOS="1450" WIDTH="8" HEIGHT="21" WC="0.96" CONTENT="i"/><SP WIDTH="20" VPOS="1450" HPOS="364"/>
							<String ID="string_197" HPOS="384" VPOS="1448" WIDTH="106" HEIGHT="26" WC="0.93" CONTENT="Helsinge"/><SP WIDTH="21" VPOS="1448" HPOS="490"/>
							<String ID="string_198" HPOS="511" VPOS="1449" WIDTH="114" HEIGHT="25" WC="0.93" CONTENT="domsaga."/>
						</TextLine>
					</TextBlock>
					<TextBlock ID="block_23" HPOS="148" VPOS="1480" WIDTH="602" HEIGHT="89">
						<TextLine ID="line_40" HPOS="179" VPOS="1480" WIDTH="571" HEIGHT="30">
							<String ID="string_199" HPOS="179" VPOS="1484" WIDTH="55" HEIGHT="20" WC="0.93" CONTENT="1894"/><SP WIDTH="17" VPOS="1484" HPOS="234"/>
							<String ID="string_200" HPOS="251" VPOS="1483" WIDTH="131" HEIGHT="27" WC="0.95" CONTENT="fullmäktig"/><SP WIDTH="16" VPOS="1483" HPOS="382"/>
							<String ID="string_201" HPOS="398" VPOS="1484" WIDTH="35" HEIGHT="21" WC="0.93" CONTENT="för"/><SP WIDTH="15" VPOS="1484" HPOS="433"/>
							<String ID="string_202" HPOS="448" VPOS="1480" WIDTH="50" HEIGHT="24" WC="0.96" CONTENT="Åbo"/><SP WIDTH="15" VPOS="1480" HPOS="498"/>
							<String ID="string_203" HPOS="513" VPOS="1485" WIDTH="56" HEIGHT="19" WC="0.93" CONTENT="stad."/><SP WIDTH="32" VPOS="1485" HPOS="569"/>
							<String ID="string_204" HPOS="601" VPOS="1484" WIDTH="55" HEIGHT="20" WC="0.93" CONTENT="Led."/><SP WIDTH="16" VPOS="1484" HPOS="656"/>
							<String ID="string_205" HPOS="672" VPOS="1484" WIDTH="6" HEIGHT="20" WC="0.95" CONTENT="i"/><SP WIDTH="16" VPOS="1484" HPOS="678"/>
							<String ID="string_206" HPOS="694" VPOS="1484" WIDTH="56" HEIGHT="25" WC="0.96" CONTENT="Exp."/>
						</TextLine>
						<TextLine ID="line_41" HPOS="148" VPOS="1511" WIDTH="602" HEIGHT="29">
							<String ID="string_207" HPOS="148" VPOS="1513" WIDTH="59" HEIGHT="21" WC="0.77" CONTENT="utsk."/><SP WIDTH="35" VPOS="1513" HPOS="207"/>
							<String ID="string_208" HPOS="242" VPOS="1514" WIDTH="78" HEIGHT="26" WC="0.93" CONTENT="Suppl."/><SP WIDTH="19" VPOS="1514" HPOS="320"/>
							<String ID="string_209" HPOS="339" VPOS="1513" WIDTH="6" HEIGHT="21" WC="0.93" CONTENT="i"/><SP WIDTH="18" VPOS="1513" HPOS="345"/>
							<String ID="string_210" HPOS="363" VPOS="1514" WIDTH="108" HEIGHT="26" WC="0.92" CONTENT="Lagutsk."/><SP WIDTH="22" VPOS="1514" HPOS="471"/>
							<String ID="string_211" HPOS="493" VPOS="1511" WIDTH="36" HEIGHT="26" WC="0.96" CONTENT="(fr."/><SP WIDTH="21" VPOS="1511" HPOS="529"/>
							<String ID="string_212" HPOS="550" VPOS="1515" WIDTH="25" HEIGHT="19" WC="0.96" CONTENT="13"/><SP WIDTH="19" VPOS="1515" HPOS="575"/>
							<String ID="string_213" HPOS="594" VPOS="1511" WIDTH="69" HEIGHT="27" WC="0.96" CONTENT="mars)"/><SP WIDTH="21" VPOS="1511" HPOS="663"/>
							<String ID="string_214" HPOS="684" VPOS="1514" WIDTH="41" HEIGHT="20" WC="0.96" CONTENT="och"/><SP WIDTH="20" VPOS="1514" HPOS="725"/>
							<String ID="string_215" HPOS="745" VPOS="1513" WIDTH="5" HEIGHT="20" WC="0.96" CONTENT="i"/>
						</TextLine>
						<TextLine ID="line_42" HPOS="148" VPOS="1543" WIDTH="602" HEIGHT="26">
							<String ID="string_216" HPOS="148" VPOS="1543" WIDTH="55" HEIGHT="25" WC="0.90" CONTENT="Lag-"/><SP WIDTH="19" VPOS="1543" HPOS="203"/>
							<String ID="string_217" HPOS="222" VPOS="1544" WIDTH="43" HEIGHT="20" WC="0.92" CONTENT="och"/><SP WIDTH="17" VPOS="1544" HPOS="265"/>
							<String ID="string_218" HPOS="282" VPOS="1543" WIDTH="74" HEIGHT="21" WC="0.93" CONTENT="Ekon."/><SP WIDTH="18" VPOS="1543" HPOS="356"/>
							<String ID="string_219" HPOS="374" VPOS="1544" WIDTH="59" HEIGHT="20" WC="0.89" CONTENT="utsk."/><SP WIDTH="34" VPOS="1544" HPOS="433"/>
							<String ID="string_220" HPOS="467" VPOS="1544" WIDTH="52" HEIGHT="20" WC="0.82" CONTENT="Led."/><SP WIDTH="19" VPOS="1544" HPOS="519"/>
							<String ID="string_221" HPOS="538" VPOS="1544" WIDTH="6" HEIGHT="20" WC="0.82" CONTENT="i"/><SP WIDTH="17" VPOS="1544" HPOS="544"/>
							<String ID="string_222" HPOS="561" VPOS="1543" WIDTH="64" HEIGHT="21" WC="0.92" CONTENT="först."/><SP WIDTH="18" VPOS="1543" HPOS="625"/>
							<String ID="string_223" HPOS="643" VPOS="1543" WIDTH="107" HEIGHT="26" WC="0.92" CONTENT="Lagutsk."/>
						</TextLine>
					</TextBlock>
					<TextBlock ID="block_24" HPOS="148" VPOS="1570" WIDTH="602" HEIGHT="118">
						<TextLine ID="line_43" HPOS="179" VPOS="1570" WIDTH="571" HEIGHT="29">
							<String ID="string_224" HPOS="179" VPOS="1573" WIDTH="54" HEIGHT="21" WC="0.93" CONTENT="1897"/><SP WIDTH="18" VPOS="1573" HPOS="233"/>
							<String ID="string_225" HPOS="251" VPOS="1573" WIDTH="132" HEIGHT="26" WC="0.95" CONTENT="fullmäktig"/><SP WIDTH="15" VPOS="1573" HPOS="383"/>
							<String ID="string_226" HPOS="398" VPOS="1573" WIDTH="36" HEIGHT="21" WC="0.93" CONTENT="för"/><SP WIDTH="16" VPOS="1573" HPOS="434"/>
							<String ID="string_227" HPOS="450" VPOS="1570" WIDTH="50" HEIGHT="24" WC="0.96" CONTENT="Åbo"/><SP WIDTH="14" VPOS="1570" HPOS="500"/>
							<String ID="string_228" HPOS="514" VPOS="1574" WIDTH="57" HEIGHT="20" WC="0.95" CONTENT="stad."/><SP WIDTH="32" VPOS="1574" HPOS="571"/>
							<String ID="string_229" HPOS="603" VPOS="1573" WIDTH="53" HEIGHT="21" WC="0.17" CONTENT="Led."/><SP WIDTH="17" VPOS="1573" HPOS="656"/>
							<String ID="string_230" HPOS="673" VPOS="1573" WIDTH="5" HEIGHT="20" WC="0.17" CONTENT="i"/><SP WIDTH="17" VPOS="1573" HPOS="678"/>
							<String ID="string_231" HPOS="695" VPOS="1573" WIDTH="55" HEIGHT="25" WC="0.92" CONTENT="Lag-"/>
						</TextLine>
						<TextLine ID="line_44" HPOS="148" VPOS="1599" WIDTH="600" HEIGHT="30">
							<String ID="string_232" HPOS="148" VPOS="1603" WIDTH="42" HEIGHT="20" WC="0.93" CONTENT="och"/><SP WIDTH="14" VPOS="1603" HPOS="190"/>
							<String ID="string_233" HPOS="204" VPOS="1602" WIDTH="73" HEIGHT="21" WC="0.93" CONTENT="Ekon."/><SP WIDTH="13" VPOS="1602" HPOS="277"/>
							<String ID="string_234" HPOS="290" VPOS="1603" WIDTH="60" HEIGHT="20" WC="0.78" CONTENT="utsk."/><SP WIDTH="30" VPOS="1603" HPOS="350"/>
							<String ID="string_235" HPOS="380" VPOS="1603" WIDTH="77" HEIGHT="26" WC="0.94" CONTENT="Suppl."/><SP WIDTH="15" VPOS="1603" HPOS="457"/>
							<String ID="string_236" HPOS="472" VPOS="1603" WIDTH="5" HEIGHT="20" WC="0.93" CONTENT="i"/><SP WIDTH="14" VPOS="1603" HPOS="477"/>
							<String ID="string_237" HPOS="491" VPOS="1603" WIDTH="107" HEIGHT="25" WC="0.93" CONTENT="Lagutsk."/><SP WIDTH="18" VPOS="1603" HPOS="598"/>
							<String ID="string_238" HPOS="616" VPOS="1600" WIDTH="35" HEIGHT="26" WC="0.96" CONTENT="(fr."/><SP WIDTH="16" VPOS="1600" HPOS="651"/>
							<String ID="string_239" HPOS="667" VPOS="1604" WIDTH="8" HEIGHT="19" WC="0.92" CONTENT="1"/><SP WIDTH="16" VPOS="1604" HPOS="675"/>
							<String ID="string_240" HPOS="691" VPOS="1599" WIDTH="57" HEIGHT="29" WC="0.96" CONTENT="apr.)"/>
						</TextLine>
						<TextLine ID="line_45" HPOS="148" VPOS="1630" WIDTH="602" HEIGHT="29">
							<String ID="string_241" HPOS="148" VPOS="1632" WIDTH="42" HEIGHT="20" WC="0.96" CONTENT="och"/><SP WIDTH="17" VPOS="1632" HPOS="190"/>
							<String ID="string_242" HPOS="207" VPOS="1632" WIDTH="7" HEIGHT="20" WC="0.94" CONTENT="i"/><SP WIDTH="17" VPOS="1632" HPOS="214"/>
							<String ID="string_243" HPOS="231" VPOS="1632" WIDTH="56" HEIGHT="26" WC="0.93" CONTENT="Exp."/><SP WIDTH="18" VPOS="1632" HPOS="287"/>
							<String ID="string_244" HPOS="305" VPOS="1632" WIDTH="60" HEIGHT="21" WC="0.91" CONTENT="utsk."/><SP WIDTH="20" VPOS="1632" HPOS="365"/>
							<String ID="string_245" HPOS="385" VPOS="1630" WIDTH="35" HEIGHT="27" WC="0.96" CONTENT="(fr."/><SP WIDTH="19" VPOS="1630" HPOS="420"/>
							<String ID="string_246" HPOS="439" VPOS="1634" WIDTH="26" HEIGHT="19" WC="0.96" CONTENT="28"/><SP WIDTH="16" VPOS="1634" HPOS="465"/>
							<String ID="string_247" HPOS="481" VPOS="1630" WIDTH="65" HEIGHT="29" WC="0.91" CONTENT="maj)."/><SP WIDTH="33" VPOS="1630" HPOS="546"/>
							<String ID="string_248" HPOS="579" VPOS="1632" WIDTH="81" HEIGHT="26" WC="0.93" CONTENT="Tredje"/><SP WIDTH="16" VPOS="1632" HPOS="660"/>
							<String ID="string_249" HPOS="676" VPOS="1632" WIDTH="74" HEIGHT="26" WC="0.71" CONTENT="suppl."/>
						</TextLine>
						<TextLine ID="line_46" HPOS="148" VPOS="1662" WIDTH="414" HEIGHT="26">
							<String ID="string_250" HPOS="148" VPOS="1662" WIDTH="35" HEIGHT="20" WC="0.93" CONTENT="för"/><SP WIDTH="19" VPOS="1662" HPOS="183"/>
							<String ID="string_251" HPOS="202" VPOS="1662" WIDTH="185" HEIGHT="26" WC="0.92" CONTENT="borgarständets"/><SP WIDTH="20" VPOS="1662" HPOS="387"/>
							<String ID="string_252" HPOS="407" VPOS="1662" WIDTH="155" HEIGHT="21" WC="0.86" CONTENT="bankrevisor."/>
						</TextLine>
					</TextBlock>
					<TextBlock ID="block_25" HPOS="147" VPOS="1688" WIDTH="603" HEIGHT="54">
						<TextLine ID="line_47" HPOS="180" VPOS="1688" WIDTH="570" HEIGHT="30">
							<String ID="string_253" HPOS="180" VPOS="1692" WIDTH="55" HEIGHT="20" WC="0.93" CONTENT="1899"/><SP WIDTH="13" VPOS="1692" HPOS="235"/>
							<String ID="string_254" HPOS="248" VPOS="1691" WIDTH="131" HEIGHT="27" WC="0.96" CONTENT="fullmäktig"/><SP WIDTH="13" VPOS="1691" HPOS="379"/>
							<String ID="string_255" HPOS="392" VPOS="1692" WIDTH="34" HEIGHT="20" WC="0.92" CONTENT="för"/><SP WIDTH="14" VPOS="1692" HPOS="426"/>
							<String ID="string_256" HPOS="440" VPOS="1688" WIDTH="48" HEIGHT="24" WC="0.96" CONTENT="Åbo"/><SP WIDTH="13" VPOS="1688" HPOS="488"/>
							<String ID="string_257" HPOS="501" VPOS="1693" WIDTH="55" HEIGHT="19" WC="0.89" CONTENT="stad."/><SP WIDTH="30" VPOS="1693" HPOS="556"/>
							<String ID="string_258" HPOS="586" VPOS="1692" WIDTH="77" HEIGHT="26" WC="0.75" CONTENT="Suppl."/><SP WIDTH="13" VPOS="1692" HPOS="663"/>
							<String ID="string_259" HPOS="676" VPOS="1692" WIDTH="5" HEIGHT="20" WC="0.75" CONTENT="i"/><SP WIDTH="15" VPOS="1692" HPOS="681"/>
							<String ID="string_260" HPOS="696" VPOS="1692" WIDTH="54" HEIGHT="24" WC="0.92" CONTENT="Lag-"/>
						</TextLine>
						<TextLine ID="line_48" HPOS="147" VPOS="1720" WIDTH="296" HEIGHT="22">
							<String ID="string_261" HPOS="147" VPOS="1720" WIDTH="59" HEIGHT="21" WC="0.92" CONTENT="utsk."/><SP WIDTH="18" VPOS="1720" HPOS="206"/>
							<String ID="string_262" HPOS="224" VPOS="1722" WIDTH="43" HEIGHT="19" WC="0.94" CONTENT="och"/><SP WIDTH="17" VPOS="1722" HPOS="267"/>
							<String ID="string_263" HPOS="284" VPOS="1721" WIDTH="7" HEIGHT="20" WC="0.94" CONTENT="i"/><SP WIDTH="18" VPOS="1721" HPOS="291"/>
							<String ID="string_264" HPOS="309" VPOS="1721" WIDTH="57" HEIGHT="21" WC="0.93" CONTENT="Just."/><SP WIDTH="19" VPOS="1721" HPOS="366"/>
							<String ID="string_265" HPOS="385" VPOS="1722" WIDTH="58" HEIGHT="20" WC="0.91" CONTENT="utsk."/>
						</TextLine>
					</TextBlock>
				</ComposedBlock>
				<ComposedBlock ID="cblock_14" HPOS="782" VPOS="150" WIDTH="280" HEIGHT="23">
					<TextBlock ID="block_26" HPOS="782" VPOS="150" WIDTH="280" HEIGHT="23">
						<TextLine ID="line_49" HPOS="782" VPOS="150" WIDTH="280" HEIGHT="23">
							<String ID="string_266" HPOS="782" VPOS="150" WIDTH="123" HEIGHT="23" WC="0.94" CONTENT="(Stigzelius,"/><SP WIDTH="13" VPOS="150" HPOS="905"/>
							<String ID="string_267" HPOS="918" VPOS="150" WIDTH="46" HEIGHT="19" WC="0.93" CONTENT="Erik"/><SP WIDTH="13" VPOS="150" HPOS="964"/>
							<String ID="string_268" HPOS="977" VPOS="150" WIDTH="85" HEIGHT="23" WC="0.89" CONTENT="Albert,)"/>
						</TextLine>
					</TextBlock>
				</ComposedBlock>
				<ComposedBlock ID="cblock_15" HPOS="817" VPOS="197" WIDTH="589" HEIGHT="34">
					<TextBlock ID="block_27" HPOS="817" VPOS="197" WIDTH="589" HEIGHT="34">
						<TextLine ID="line_50" HPOS="817" VPOS="197" WIDTH="589" HEIGHT="34">
							<String ID="string_269" HPOS="817" VPOS="202" WIDTH="55" HEIGHT="21" WC="0.93" CONTENT="1900"/><SP WIDTH="12" VPOS="202" HPOS="872"/>
							<String ID="string_270" HPOS="884" VPOS="201" WIDTH="132" HEIGHT="26" WC="0.95" CONTENT="fullmäktig"/><SP WIDTH="12" VPOS="201" HPOS="1016"/>
							<String ID="string_271" HPOS="1028" VPOS="201" WIDTH="36" HEIGHT="21" WC="0.93" CONTENT="för"/><SP WIDTH="10" VPOS="201" HPOS="1064"/>
							<String ID="string_272" HPOS="1074" VPOS="197" WIDTH="50" HEIGHT="25" WC="0.96" CONTENT="Åbo"/><SP WIDTH="12" VPOS="197" HPOS="1124"/>
							<String ID="string_273" HPOS="1136" VPOS="202" WIDTH="56" HEIGHT="20" WC="0.93" CONTENT="stad."/><SP WIDTH="22" VPOS="202" HPOS="1192"/>
							<String ID="string_274" HPOS="1214" VPOS="202" WIDTH="99" HEIGHT="21" WC="0.89" CONTENT="Elektor."/><SP WIDTH="22" VPOS="202" HPOS="1313"/>
							<String ID="string_275" HPOS="1335" VPOS="202" WIDTH="71" HEIGHT="29" WC="0.78" CONTENT="Led."/>
						</TextLine>
					</TextBlock>
				</ComposedBlock>
				<ComposedBlock ID="cblock_16" HPOS="784" VPOS="229" WIDTH="604" HEIGHT="82">
					<TextBlock ID="block_28" HPOS="784" VPOS="229" WIDTH="604" HEIGHT="82">
						<TextLine ID="line_51" HPOS="785" VPOS="229" WIDTH="602" HEIGHT="28">
							<String ID="string_276" HPOS="785" VPOS="231" WIDTH="7" HEIGHT="21" WC="0.93" CONTENT="i"/><SP WIDTH="13" VPOS="231" HPOS="792"/>
							<String ID="string_277" HPOS="805" VPOS="231" WIDTH="108" HEIGHT="26" WC="0.91" CONTENT="Lagutsk."/><SP WIDTH="30" VPOS="231" HPOS="913"/>
							<String ID="string_278" HPOS="943" VPOS="231" WIDTH="79" HEIGHT="26" WC="0.87" CONTENT="Suppl."/><SP WIDTH="15" VPOS="231" HPOS="1022"/>
							<String ID="string_279" HPOS="1037" VPOS="231" WIDTH="43" HEIGHT="21" WC="0.96" CONTENT="och"/><SP WIDTH="18" VPOS="231" HPOS="1080"/>
							<String ID="string_280" HPOS="1098" VPOS="229" WIDTH="35" HEIGHT="26" WC="0.96" CONTENT="(fr."/><SP WIDTH="16" VPOS="229" HPOS="1133"/>
							<String ID="string_281" HPOS="1149" VPOS="232" WIDTH="13" HEIGHT="20" WC="0.96" CONTENT="6"/><SP WIDTH="13" VPOS="232" HPOS="1162"/>
							<String ID="string_282" HPOS="1175" VPOS="229" WIDTH="59" HEIGHT="28" WC="0.96" CONTENT="juni)"/><SP WIDTH="19" VPOS="229" HPOS="1234"/>
							<String ID="string_283" HPOS="1253" VPOS="232" WIDTH="42" HEIGHT="21" WC="0.95" CONTENT="led."/><SP WIDTH="15" VPOS="232" HPOS="1295"/>
							<String ID="string_284" HPOS="1310" VPOS="232" WIDTH="7" HEIGHT="21" WC="0.96" CONTENT="i"/><SP WIDTH="14" VPOS="232" HPOS="1317"/>
							<String ID="string_285" HPOS="1331" VPOS="232" WIDTH="56" HEIGHT="25" WC="0.96" CONTENT="Exp."/>
						</TextLine>
						<TextLine ID="line_52" HPOS="784" VPOS="261" WIDTH="604" HEIGHT="26">
							<String ID="string_286" HPOS="784" VPOS="261" WIDTH="60" HEIGHT="21" WC="0.86" CONTENT="utsk."/><SP WIDTH="32" VPOS="261" HPOS="844"/>
							<String ID="string_287" HPOS="876" VPOS="261" WIDTH="81" HEIGHT="26" WC="0.90" CONTENT="Tredje"/><SP WIDTH="15" VPOS="261" HPOS="957"/>
							<String ID="string_288" HPOS="972" VPOS="261" WIDTH="74" HEIGHT="26" WC="0.90" CONTENT="suppl."/><SP WIDTH="18" VPOS="261" HPOS="1046"/>
							<String ID="string_289" HPOS="1064" VPOS="261" WIDTH="35" HEIGHT="20" WC="0.93" CONTENT="för"/><SP WIDTH="17" VPOS="261" HPOS="1099"/>
							<String ID="string_290" HPOS="1116" VPOS="261" WIDTH="186" HEIGHT="26" WC="0.91" CONTENT="borgarständets"/><SP WIDTH="15" VPOS="261" HPOS="1302"/>
							<String ID="string_291" HPOS="1317" VPOS="261" WIDTH="71" HEIGHT="21" WC="0.92" CONTENT="bank-"/>
						</TextLine>
						<TextLine ID="line_53" HPOS="785" VPOS="291" WIDTH="92" HEIGHT="20">
							<String ID="string_292" HPOS="785" VPOS="291" WIDTH="92" HEIGHT="20" WC="0.91" CONTENT="revisor."/>
						</TextLine>
					</TextBlock>
				</ComposedBlock>
				<ComposedBlock ID="cblock_17" HPOS="782" VPOS="347" WIDTH="330" HEIGHT="28">
					<TextBlock ID="block_29" HPOS="782" VPOS="347" WIDTH="330" HEIGHT="28">
						<TextLine ID="line_54" HPOS="782" VPOS="347" WIDTH="330" HEIGHT="28">
							<String ID="string_293" HPOS="782" VPOS="347" WIDTH="170" HEIGHT="28" WC="0.91" CONTENT="Stjerncreutz,"/><SP WIDTH="17" VPOS="347" HPOS="952"/>
							<String ID="string_294" HPOS="969" VPOS="347" WIDTH="143" HEIGHT="26" WC="0.96" CONTENT="Waldemar,"/>
						</TextLine>
					</TextBlock>
				</ComposedBlock>
				<ComposedBlock ID="cblock_18" HPOS="786" VPOS="386" WIDTH="601" HEIGHT="55">
					<TextBlock ID="block_30" HPOS="786" VPOS="386" WIDTH="601" HEIGHT="55">
						<TextLine ID="line_55" HPOS="786" VPOS="386" WIDTH="601" HEIGHT="26">
							<String ID="string_295" HPOS="786" VPOS="386" WIDTH="14" HEIGHT="19" WC="0.89" CONTENT="f."/><SP WIDTH="16" VPOS="386" HPOS="800"/>
							<String ID="string_296" HPOS="816" VPOS="386" WIDTH="62" HEIGHT="21" WC="0.96" CONTENT="1880."/><SP WIDTH="29" VPOS="386" HPOS="878"/>
							<String ID="string_297" HPOS="907" VPOS="386" WIDTH="102" HEIGHT="21" WC="0.95" CONTENT="Student."/><SP WIDTH="29" VPOS="386" HPOS="1009"/>
							<String ID="string_298" HPOS="1038" VPOS="386" WIDTH="76" HEIGHT="21" WC="0.93" CONTENT="Sedan"/><SP WIDTH="12" VPOS="386" HPOS="1114"/>
							<String ID="string_299" HPOS="1126" VPOS="386" WIDTH="86" HEIGHT="26" WC="0.92" CONTENT="kapten"/><SP WIDTH="13" VPOS="386" HPOS="1212"/>
							<String ID="string_300" HPOS="1225" VPOS="387" WIDTH="6" HEIGHT="20" WC="0.93" CONTENT="i"/><SP WIDTH="13" VPOS="387" HPOS="1231"/>
							<String ID="string_301" HPOS="1244" VPOS="386" WIDTH="53" HEIGHT="26" WC="0.93" CONTENT="rysk"/><SP WIDTH="15" VPOS="386" HPOS="1297"/>
							<String ID="string_302" HPOS="1312" VPOS="386" WIDTH="75" HEIGHT="26" WC="0.96" CONTENT="tjänst."/>
						</TextLine>
						<TextLine ID="line_56" HPOS="817" VPOS="414" WIDTH="448" HEIGHT="27">
							<String ID="string_303" HPOS="817" VPOS="414" WIDTH="91" HEIGHT="27" WC="0.92" CONTENT="1905/06"/><SP WIDTH="19" VPOS="414" HPOS="908"/>
							<String ID="string_304" HPOS="927" VPOS="416" WIDTH="5" HEIGHT="20" WC="0.93" CONTENT="i"/><SP WIDTH="20" VPOS="416" HPOS="932"/>
							<String ID="string_305" HPOS="952" VPOS="415" WIDTH="158" HEIGHT="26" WC="0.92" CONTENT="ridderskapet"/><SP WIDTH="19" VPOS="415" HPOS="1110"/>
							<String ID="string_306" HPOS="1129" VPOS="417" WIDTH="43" HEIGHT="19" WC="0.92" CONTENT="och"/><SP WIDTH="19" VPOS="417" HPOS="1172"/>
							<String ID="string_307" HPOS="1191" VPOS="416" WIDTH="74" HEIGHT="21" WC="0.92" CONTENT="adeln."/>
						</TextLine>
					</TextBlock>
				</ComposedBlock>
				<ComposedBlock ID="cblock_19" HPOS="782" VPOS="472" WIDTH="606" HEIGHT="184">
					<TextBlock ID="block_31" HPOS="782" VPOS="472" WIDTH="606" HEIGHT="125">
						<TextLine ID="line_57" HPOS="782" VPOS="472" WIDTH="419" HEIGHT="27">
							<String ID="string_308" HPOS="782" VPOS="472" WIDTH="188" HEIGHT="27" WC="0.96" CONTENT="Stjernschantz,"/><SP WIDTH="16" VPOS="472" HPOS="970"/>
							<String ID="string_309" HPOS="986" VPOS="472" WIDTH="79" HEIGHT="23" WC="0.96" CONTENT="Johan"/><SP WIDTH="17" VPOS="472" HPOS="1065"/>
							<String ID="string_310" HPOS="1082" VPOS="472" WIDTH="119" HEIGHT="27" WC="0.96" CONTENT="Wilhelm,"/>
						</TextLine>
						<TextLine ID="line_58" HPOS="785" VPOS="509" WIDTH="603" HEIGHT="28">
							<String ID="string_311" HPOS="785" VPOS="511" WIDTH="15" HEIGHT="21" WC="0.85" CONTENT="f."/><SP WIDTH="19" VPOS="511" HPOS="800"/>
							<String ID="string_312" HPOS="819" VPOS="512" WIDTH="63" HEIGHT="24" WC="0.93" CONTENT="1825,"/><SP WIDTH="16" VPOS="512" HPOS="882"/>
							<String ID="string_313" HPOS="898" VPOS="509" WIDTH="15" HEIGHT="25" WC="0.86" CONTENT="T"/><SP WIDTH="19" VPOS="509" HPOS="913"/>
							<String ID="string_314" HPOS="932" VPOS="512" WIDTH="62" HEIGHT="20" WC="0.92" CONTENT="1886."/><SP WIDTH="31" VPOS="512" HPOS="994"/>
							<String ID="string_315" HPOS="1025" VPOS="511" WIDTH="152" HEIGHT="26" WC="0.91" CONTENT="Stabskapten"/><SP WIDTH="17" VPOS="511" HPOS="1177"/>
							<String ID="string_316" HPOS="1194" VPOS="511" WIDTH="39" HEIGHT="22" WC="0.93" CONTENT="vid"/><SP WIDTH="15" VPOS="511" HPOS="1233"/>
							<String ID="string_317" HPOS="1248" VPOS="511" WIDTH="140" HEIGHT="20" WC="0.96" CONTENT="Tavastehus"/>
						</TextLine>
						<TextLine ID="line_59" HPOS="785" VPOS="541" WIDTH="603" HEIGHT="26">
							<String ID="string_318" HPOS="785" VPOS="541" WIDTH="109" HEIGHT="26" WC="0.91" CONTENT="bataljon,"/><SP WIDTH="21" VPOS="541" HPOS="894"/>
							<String ID="string_319" HPOS="915" VPOS="541" WIDTH="180" HEIGHT="26" WC="0.93" CONTENT="kaptensafsked"/><SP WIDTH="21" VPOS="541" HPOS="1095"/>
							<String ID="string_320" HPOS="1116" VPOS="542" WIDTH="61" HEIGHT="19" WC="0.92" CONTENT="1868."/><SP WIDTH="29" VPOS="542" HPOS="1177"/>
							<String ID="string_321" HPOS="1206" VPOS="541" WIDTH="182" HEIGHT="21" WC="0.92" CONTENT="Trafikdirektör"/>
						</TextLine>
						<TextLine ID="line_60" HPOS="785" VPOS="571" WIDTH="341" HEIGHT="26">
							<String ID="string_322" HPOS="785" VPOS="571" WIDTH="37" HEIGHT="20" WC="0.93" CONTENT="vid"/><SP WIDTH="16" VPOS="571" HPOS="822"/>
							<String ID="string_323" HPOS="838" VPOS="571" WIDTH="208" HEIGHT="26" WC="0.92" CONTENT="statsjärnvägarne"/><SP WIDTH="18" VPOS="571" HPOS="1046"/>
							<String ID="string_324" HPOS="1064" VPOS="571" WIDTH="62" HEIGHT="20" WC="0.96" CONTENT="1877."/>
						</TextLine>
					</TextBlock>
					<TextBlock ID="block_32" HPOS="817" VPOS="599" WIDTH="438" HEIGHT="28">
						<TextLine ID="line_61" HPOS="817" VPOS="599" WIDTH="438" HEIGHT="28">
							<String ID="string_325" HPOS="817" VPOS="599" WIDTH="91" HEIGHT="27" WC="0.92" CONTENT="1863/64"/><SP WIDTH="17" VPOS="599" HPOS="908"/>
							<String ID="string_326" HPOS="925" VPOS="601" WIDTH="6" HEIGHT="20" WC="0.93" CONTENT="i"/><SP WIDTH="18" VPOS="601" HPOS="931"/>
							<String ID="string_327" HPOS="949" VPOS="601" WIDTH="157" HEIGHT="26" WC="0.92" CONTENT="ridderskapet"/><SP WIDTH="16" VPOS="601" HPOS="1106"/>
							<String ID="string_328" HPOS="1122" VPOS="601" WIDTH="42" HEIGHT="20" WC="0.92" CONTENT="och"/><SP WIDTH="17" VPOS="601" HPOS="1164"/>
							<String ID="string_329" HPOS="1181" VPOS="601" WIDTH="74" HEIGHT="20" WC="0.92" CONTENT="adeln."/>
						</TextLine>
					</TextBlock>
					<TextBlock ID="block_33" HPOS="817" VPOS="629" WIDTH="448" HEIGHT="27">
						<TextLine ID="line_62" HPOS="817" VPOS="629" WIDTH="448" HEIGHT="27">
							<String ID="string_330" HPOS="817" VPOS="629" WIDTH="91" HEIGHT="27" WC="0.90" CONTENT="1877/78"/><SP WIDTH="20" VPOS="629" HPOS="908"/>
							<String ID="string_331" HPOS="928" VPOS="630" WIDTH="6" HEIGHT="21" WC="0.93" CONTENT="i"/><SP WIDTH="19" VPOS="630" HPOS="934"/>
							<String ID="string_332" HPOS="953" VPOS="631" WIDTH="157" HEIGHT="25" WC="0.92" CONTENT="ridderskapet"/><SP WIDTH="19" VPOS="631" HPOS="1110"/>
							<String ID="string_333" HPOS="1129" VPOS="631" WIDTH="43" HEIGHT="20" WC="0.93" CONTENT="och"/><SP WIDTH="20" VPOS="631" HPOS="1172"/>
							<String ID="string_334" HPOS="1192" VPOS="631" WIDTH="73" HEIGHT="20" WC="0.92" CONTENT="adeln."/>
						</TextLine>
					</TextBlock>
				</ComposedBlock>
				<ComposedBlock ID="cblock_20" HPOS="783" VPOS="687" WIDTH="323" HEIGHT="28">
					<TextBlock ID="block_34" HPOS="783" VPOS="687" WIDTH="323" HEIGHT="28">
						<TextLine ID="line_63" HPOS="783" VPOS="687" WIDTH="323" HEIGHT="28">
							<String ID="string_335" HPOS="783" VPOS="687" WIDTH="187" HEIGHT="28" WC="0.95" CONTENT="Stjernschantz,"/><SP WIDTH="18" VPOS="687" HPOS="970"/>
							<String ID="string_336" HPOS="988" VPOS="687" WIDTH="118" HEIGHT="26" WC="0.96" CONTENT="Wilhelm,"/>
						</TextLine>
					</TextBlock>
				</ComposedBlock>
				<ComposedBlock ID="cblock_21" HPOS="786" VPOS="725" WIDTH="601" HEIGHT="117">
					<TextBlock ID="block_35" HPOS="786" VPOS="725" WIDTH="601" HEIGHT="52">
						<TextLine ID="line_64" HPOS="786" VPOS="725" WIDTH="601" HEIGHT="27">
							<String ID="string_337" HPOS="786" VPOS="726" WIDTH="15" HEIGHT="20" WC="0.87" CONTENT="f."/><SP WIDTH="15" VPOS="726" HPOS="801"/>
							<String ID="string_338" HPOS="816" VPOS="727" WIDTH="62" HEIGHT="20" WC="0.93" CONTENT="1876."/><SP WIDTH="28" VPOS="727" HPOS="878"/>
							<String ID="string_339" HPOS="906" VPOS="726" WIDTH="109" HEIGHT="25" WC="0.96" CONTENT="Löjtnant"/><SP WIDTH="12" VPOS="726" HPOS="1015"/>
							<String ID="string_340" HPOS="1027" VPOS="725" WIDTH="39" HEIGHT="22" WC="0.96" CONTENT="vid"/><SP WIDTH="10" VPOS="725" HPOS="1066"/>
							<String ID="string_341" HPOS="1076" VPOS="726" WIDTH="76" HEIGHT="20" WC="0.93" CONTENT="finska"/><SP WIDTH="13" VPOS="726" HPOS="1152"/>
							<String ID="string_342" HPOS="1165" VPOS="725" WIDTH="222" HEIGHT="27" WC="0.92" CONTENT="gardesbataljonen;"/>
						</TextLine>
						<TextLine ID="line_65" HPOS="786" VPOS="756" WIDTH="86" HEIGHT="21">
							<String ID="string_343" HPOS="786" VPOS="756" WIDTH="86" HEIGHT="21" WC="0.92" CONTENT="afsked."/>
						</TextLine>
					</TextBlock>
					<TextBlock ID="block_36" HPOS="817" VPOS="784" WIDTH="439" HEIGHT="27">
						<TextLine ID="line_66" HPOS="817" VPOS="784" WIDTH="439" HEIGHT="27">
							<String ID="string_344" HPOS="817" VPOS="784" WIDTH="91" HEIGHT="27" WC="0.92" CONTENT="1904/05"/><SP WIDTH="18" VPOS="784" HPOS="908"/>
							<String ID="string_345" HPOS="926" VPOS="785" WIDTH="5" HEIGHT="20" WC="0.93" CONTENT="i"/><SP WIDTH="18" VPOS="785" HPOS="931"/>
							<String ID="string_346" HPOS="949" VPOS="785" WIDTH="157" HEIGHT="26" WC="0.92" CONTENT="ridderskapet"/><SP WIDTH="17" VPOS="785" HPOS="1106"/>
							<String ID="string_347" HPOS="1123" VPOS="786" WIDTH="42" HEIGHT="20" WC="0.92" CONTENT="och"/><SP WIDTH="18" VPOS="786" HPOS="1165"/>
							<String ID="string_348" HPOS="1183" VPOS="786" WIDTH="73" HEIGHT="20" WC="0.92" CONTENT="adeln."/>
						</TextLine>
					</TextBlock>
					<TextBlock ID="block_37" HPOS="817" VPOS="814" WIDTH="439" HEIGHT="28">
						<TextLine ID="line_67" HPOS="817" VPOS="814" WIDTH="439" HEIGHT="28">
							<String ID="string_349" HPOS="817" VPOS="814" WIDTH="91" HEIGHT="27" WC="0.92" CONTENT="1905/06"/><SP WIDTH="17" VPOS="814" HPOS="908"/>
							<String ID="string_350" HPOS="925" VPOS="815" WIDTH="6" HEIGHT="21" WC="0.93" CONTENT="i"/><SP WIDTH="17" VPOS="815" HPOS="931"/>
							<String ID="string_351" HPOS="948" VPOS="815" WIDTH="158" HEIGHT="27" WC="0.93" CONTENT="ridderskapet"/><SP WIDTH="17" VPOS="815" HPOS="1106"/>
							<String ID="string_352" HPOS="1123" VPOS="816" WIDTH="42" HEIGHT="20" WC="0.93" CONTENT="och"/><SP WIDTH="18" VPOS="816" HPOS="1165"/>
							<String ID="string_353" HPOS="1183" VPOS="816" WIDTH="73" HEIGHT="20" WC="0.92" CONTENT="adeln."/>
						</TextLine>
					</TextBlock>
				</ComposedBlock>
				<ComposedBlock ID="cblock_22" HPOS="784" VPOS="871" WIDTH="327" HEIGHT="28">
					<TextBlock ID="block_38" HPOS="784" VPOS="871" WIDTH="327" HEIGHT="28">
						<TextLine ID="line_68" HPOS="784" VPOS="871" WIDTH="327" HEIGHT="28">
							<String ID="string_354" HPOS="784" VPOS="871" WIDTH="136" HEIGHT="28" WC="0.96" CONTENT="Stjernvall,"/><SP WIDTH="17" VPOS="871" HPOS="920"/>
							<String ID="string_355" HPOS="937" VPOS="872" WIDTH="55" HEIGHT="22" WC="0.96" CONTENT="Carl"/><SP WIDTH="17" VPOS="872" HPOS="992"/>
							<String ID="string_356" HPOS="1009" VPOS="872" WIDTH="102" HEIGHT="26" WC="0.96" CONTENT="Edvard,"/>
						</TextLine>
					</TextBlock>
				</ComposedBlock>
				<ComposedBlock ID="cblock_23" HPOS="786" VPOS="908" WIDTH="601" HEIGHT="119">
					<TextBlock ID="block_39" HPOS="786" VPOS="908" WIDTH="601" HEIGHT="119">
						<TextLine ID="line_69" HPOS="786" VPOS="908" WIDTH="601" HEIGHT="27">
							<String ID="string_357" HPOS="786" VPOS="912" WIDTH="15" HEIGHT="20" WC="0.93" CONTENT="f."/><SP WIDTH="17" VPOS="912" HPOS="801"/>
							<String ID="string_358" HPOS="818" VPOS="912" WIDTH="62" HEIGHT="23" WC="0.92" CONTENT="1797,"/><SP WIDTH="22" VPOS="912" HPOS="880"/>
							<String ID="string_359" HPOS="902" VPOS="908" WIDTH="7" HEIGHT="26" WC="0.79" CONTENT="t"/><SP WIDTH="17" VPOS="908" HPOS="909"/>
							<String ID="string_360" HPOS="926" VPOS="912" WIDTH="62" HEIGHT="20" WC="0.93" CONTENT="1873."/><SP WIDTH="30" VPOS="912" HPOS="988"/>
							<String ID="string_361" HPOS="1018" VPOS="910" WIDTH="310" HEIGHT="24" WC="0.90" CONTENT="Referendariesekreterare;"/><SP WIDTH="15" VPOS="910" HPOS="1328"/>
							<String ID="string_362" HPOS="1343" VPOS="912" WIDTH="14" HEIGHT="19" WC="0.91" CONTENT="t."/><SP WIDTH="16" VPOS="912" HPOS="1357"/>
							<String ID="string_363" HPOS="1373" VPOS="910" WIDTH="14" HEIGHT="20" WC="0.91" CONTENT="f."/>
						</TextLine>
						<TextLine ID="line_70" HPOS="786" VPOS="941" WIDTH="572" HEIGHT="24">
							<String ID="string_364" HPOS="786" VPOS="941" WIDTH="225" HEIGHT="21" WC="0.70" CONTENT="öfverkommissarie"/><SP WIDTH="15" VPOS="941" HPOS="1011"/>
							<String ID="string_365" HPOS="1026" VPOS="941" WIDTH="7" HEIGHT="20" WC="0.93" CONTENT="i"/><SP WIDTH="14" VPOS="941" HPOS="1033"/>
							<String ID="string_366" HPOS="1047" VPOS="941" WIDTH="193" HEIGHT="24" WC="0.92" CONTENT="revisionsrätten,"/><SP WIDTH="15" VPOS="941" HPOS="1240"/>
							<String ID="string_367" HPOS="1255" VPOS="941" WIDTH="103" HEIGHT="20" WC="0.95" CONTENT="statsråd."/>
						</TextLine>
						<TextLine ID="line_71" HPOS="818" VPOS="971" WIDTH="402" HEIGHT="26">
							<String ID="string_368" HPOS="818" VPOS="972" WIDTH="54" HEIGHT="20" WC="0.96" CONTENT="1867"/><SP WIDTH="17" VPOS="972" HPOS="872"/>
							<String ID="string_369" HPOS="889" VPOS="971" WIDTH="7" HEIGHT="20" WC="0.93" CONTENT="i"/><SP WIDTH="17" VPOS="971" HPOS="896"/>
							<String ID="string_370" HPOS="913" VPOS="971" WIDTH="158" HEIGHT="26" WC="0.92" CONTENT="ridderskapet"/><SP WIDTH="16" VPOS="971" HPOS="1071"/>
							<String ID="string_371" HPOS="1087" VPOS="971" WIDTH="43" HEIGHT="20" WC="0.93" CONTENT="och"/><SP WIDTH="17" VPOS="971" HPOS="1130"/>
							<String ID="string_372" HPOS="1147" VPOS="971" WIDTH="73" HEIGHT="20" WC="0.93" CONTENT="adeln."/>
						</TextLine>
						<TextLine ID="line_72" HPOS="818" VPOS="1001" WIDTH="402" HEIGHT="26">
							<String ID="string_373" HPOS="818" VPOS="1002" WIDTH="54" HEIGHT="19" WC="0.96" CONTENT="1872"/><SP WIDTH="17" VPOS="1002" HPOS="872"/>
							<String ID="string_374" HPOS="889" VPOS="1001" WIDTH="7" HEIGHT="20" WC="0.93" CONTENT="i"/><SP WIDTH="16" VPOS="1001" HPOS="896"/>
							<String ID="string_375" HPOS="912" VPOS="1001" WIDTH="158" HEIGHT="26" WC="0.91" CONTENT="ridderskapet"/><SP WIDTH="17" VPOS="1001" HPOS="1070"/>
							<String ID="string_376" HPOS="1087" VPOS="1001" WIDTH="42" HEIGHT="20" WC="0.93" CONTENT="och"/><SP WIDTH="18" VPOS="1001" HPOS="1129"/>
							<String ID="string_377" HPOS="1147" VPOS="1001" WIDTH="73" HEIGHT="20" WC="0.91" CONTENT="adeln."/>
						</TextLine>
					</TextBlock>
				</ComposedBlock>
				<ComposedBlock ID="cblock_24" HPOS="784" VPOS="1057" WIDTH="605" HEIGHT="212">
					<TextBlock ID="block_40" HPOS="784" VPOS="1057" WIDTH="605" HEIGHT="90">
						<TextLine ID="line_73" HPOS="784" VPOS="1057" WIDTH="317" HEIGHT="27">
							<String ID="string_378" HPOS="784" VPOS="1057" WIDTH="136" HEIGHT="27" WC="0.96" CONTENT="Stjernvall,"/><SP WIDTH="17" VPOS="1057" HPOS="920"/>
							<String ID="string_379" HPOS="937" VPOS="1057" WIDTH="55" HEIGHT="22" WC="0.93" CONTENT="Carl"/><SP WIDTH="17" VPOS="1057" HPOS="992"/>
							<String ID="string_380" HPOS="1009" VPOS="1057" WIDTH="92" HEIGHT="26" WC="0.94" CONTENT="Gustaf,"/>
						</TextLine>
						<TextLine ID="line_74" HPOS="786" VPOS="1093" WIDTH="603" HEIGHT="27">
							<String ID="string_381" HPOS="786" VPOS="1096" WIDTH="15" HEIGHT="20" WC="0.92" CONTENT="f."/><SP WIDTH="17" VPOS="1096" HPOS="801"/>
							<String ID="string_382" HPOS="818" VPOS="1097" WIDTH="61" HEIGHT="23" WC="0.93" CONTENT="1796,"/><SP WIDTH="15" VPOS="1097" HPOS="879"/>
							<String ID="string_383" HPOS="894" VPOS="1093" WIDTH="15" HEIGHT="25" WC="0.43" CONTENT="t"/><SP WIDTH="16" VPOS="1093" HPOS="909"/>
							<String ID="string_384" HPOS="925" VPOS="1097" WIDTH="62" HEIGHT="20" WC="0.92" CONTENT="1864."/><SP WIDTH="30" VPOS="1097" HPOS="987"/>
							<String ID="string_385" HPOS="1017" VPOS="1095" WIDTH="107" HEIGHT="21" WC="0.96" CONTENT="Direktör"/><SP WIDTH="14" VPOS="1095" HPOS="1124"/>
							<String ID="string_386" HPOS="1138" VPOS="1095" WIDTH="37" HEIGHT="20" WC="0.96" CONTENT="vid"/><SP WIDTH="14" VPOS="1095" HPOS="1175"/>
							<String ID="string_387" HPOS="1189" VPOS="1095" WIDTH="109" HEIGHT="21" WC="0.96" CONTENT="Finlands"/><SP WIDTH="15" VPOS="1095" HPOS="1298"/>
							<String ID="string_388" HPOS="1313" VPOS="1095" WIDTH="76" HEIGHT="20" WC="0.96" CONTENT="Banks"/>
						</TextLine>
						<TextLine ID="line_75" HPOS="786" VPOS="1126" WIDTH="182" HEIGHT="21">
							<String ID="string_389" HPOS="786" VPOS="1126" WIDTH="83" HEIGHT="21" WC="0.95" CONTENT="kontor"/><SP WIDTH="14" VPOS="1126" HPOS="869"/>
							<String ID="string_390" HPOS="883" VPOS="1126" WIDTH="7" HEIGHT="20" WC="0.96" CONTENT="i"/><SP WIDTH="12" VPOS="1126" HPOS="890"/>
							<String ID="string_391" HPOS="902" VPOS="1127" WIDTH="66" HEIGHT="19" WC="0.95" CONTENT="Vasa."/>
						</TextLine>
					</TextBlock>
					<TextBlock ID="block_41" HPOS="784" VPOS="1153" WIDTH="527" HEIGHT="116">
						<TextLine ID="line_76" HPOS="818" VPOS="1153" WIDTH="447" HEIGHT="28">
							<String ID="string_392" HPOS="818" VPOS="1153" WIDTH="91" HEIGHT="28" WC="0.92" CONTENT="1863/64"/><SP WIDTH="19" VPOS="1153" HPOS="909"/>
							<String ID="string_393" HPOS="928" VPOS="1156" WIDTH="5" HEIGHT="20" WC="0.93" CONTENT="i"/><SP WIDTH="20" VPOS="1156" HPOS="933"/>
							<String ID="string_394" HPOS="953" VPOS="1155" WIDTH="158" HEIGHT="26" WC="0.91" CONTENT="ridderskapet"/><SP WIDTH="19" VPOS="1155" HPOS="1111"/>
							<String ID="string_395" HPOS="1130" VPOS="1155" WIDTH="42" HEIGHT="20" WC="0.93" CONTENT="och"/><SP WIDTH="20" VPOS="1155" HPOS="1172"/>
							<String ID="string_396" HPOS="1192" VPOS="1155" WIDTH="73" HEIGHT="20" WC="0.93" CONTENT="adeln."/>
						</TextLine>
						<TextLine ID="line_77" HPOS="784" VPOS="1205" WIDTH="527" HEIGHT="29">
							<String ID="string_397" HPOS="784" VPOS="1205" WIDTH="136" HEIGHT="29" WC="0.96" CONTENT="Stjernvall,"/><SP WIDTH="17" VPOS="1205" HPOS="920"/>
							<String ID="string_398" HPOS="937" VPOS="1205" WIDTH="99" HEIGHT="22" WC="0.95" CONTENT="Fredrik"/><SP WIDTH="18" VPOS="1205" HPOS="1036"/>
							<String ID="string_399" HPOS="1054" VPOS="1205" WIDTH="85" HEIGHT="22" WC="0.92" CONTENT="Gustaf"/><SP WIDTH="17" VPOS="1205" HPOS="1139"/>
							<String ID="string_400" HPOS="1156" VPOS="1205" WIDTH="59" HEIGHT="22" WC="0.96" CONTENT="Otto"/><SP WIDTH="16" VPOS="1205" HPOS="1215"/>
							<String ID="string_401" HPOS="1231" VPOS="1205" WIDTH="80" HEIGHT="26" WC="0.96" CONTENT="Selim,"/>
						</TextLine>
						<TextLine ID="line_78" HPOS="787" VPOS="1242" WIDTH="226" HEIGHT="27">
							<String ID="string_402" HPOS="787" VPOS="1245" WIDTH="15" HEIGHT="20" WC="0.85" CONTENT="f."/><SP WIDTH="25" VPOS="1245" HPOS="802"/>
							<String ID="string_403" HPOS="827" VPOS="1245" WIDTH="62" HEIGHT="24" WC="0.96" CONTENT="1845,"/><SP WIDTH="23" VPOS="1245" HPOS="889"/>
							<String ID="string_404" HPOS="912" VPOS="1242" WIDTH="15" HEIGHT="25" WC="0.65" CONTENT="1"/><SP WIDTH="25" VPOS="1242" HPOS="927"/>
							<String ID="string_405" HPOS="952" VPOS="1245" WIDTH="61" HEIGHT="20" WC="0.95" CONTENT="1916."/>
						</TextLine>
					</TextBlock>
				</ComposedBlock>
				<GraphicalElement ID="cblock_25" HPOS="1404" VPOS="190" WIDTH="3" HEIGHT="654"></GraphicalElement >
				<ComposedBlock ID="cblock_26" HPOS="1052" VPOS="1244" WIDTH="354" HEIGHT="26">
					<TextBlock ID="block_42" HPOS="1052" VPOS="1244" WIDTH="354" HEIGHT="26">
						<TextLine ID="line_79" HPOS="1052" VPOS="1244" WIDTH="354" HEIGHT="26">
							<String ID="string_406" HPOS="1052" VPOS="1244" WIDTH="100" HEIGHT="21" WC="0.92" CONTENT="Kanslist"/><SP WIDTH="23" VPOS="1244" HPOS="1152"/>
							<String ID="string_407" HPOS="1175" VPOS="1244" WIDTH="6" HEIGHT="20" WC="0.93" CONTENT="i"/><SP WIDTH="22" VPOS="1244" HPOS="1181"/>
							<String ID="string_408" HPOS="1203" VPOS="1246" WIDTH="106" HEIGHT="19" WC="0.92" CONTENT="senatens"/><SP WIDTH="20" VPOS="1246" HPOS="1309"/>
							<String ID="string_409" HPOS="1329" VPOS="1244" WIDTH="59" HEIGHT="26" WC="0.91" CONTENT="jord-"/><SP WIDTH="17" VPOS="1244" HPOS="1388"/>
							<String ID="string_410" HPOS="1405" VPOS="1260" WIDTH="1" HEIGHT="8" WC="0.91" CONTENT=";"/>
						</TextLine>
					</TextBlock>
				</ComposedBlock>
				<ComposedBlock ID="cblock_27" HPOS="785" VPOS="1273" WIDTH="621" HEIGHT="27">
					<TextBlock ID="block_43" HPOS="785" VPOS="1273" WIDTH="621" HEIGHT="27">
						<TextLine ID="line_80" HPOS="785" VPOS="1273" WIDTH="621" HEIGHT="27">
							<String ID="string_411" HPOS="785" VPOS="1274" WIDTH="203" HEIGHT="26" WC="0.90" CONTENT="bruksexpedition"/><SP WIDTH="24" VPOS="1274" HPOS="988"/>
							<String ID="string_412" HPOS="1012" VPOS="1275" WIDTH="62" HEIGHT="23" WC="0.93" CONTENT="1876,"/><SP WIDTH="23" VPOS="1275" HPOS="1074"/>
							<String ID="string_413" HPOS="1097" VPOS="1273" WIDTH="309" HEIGHT="22" WC="0.92" CONTENT="referendariesekreterare"/><SP WIDTH="-11" VPOS="1273" HPOS="1406"/>
							<String ID="string_414" HPOS="1395" VPOS="1269" WIDTH="14" HEIGHT="35" WC="0.91" CONTENT="&#39;"/>
						</TextLine>
					</TextBlock>
				</ComposedBlock>
				<ComposedBlock ID="cblock_28" HPOS="786" VPOS="1304" WIDTH="603" HEIGHT="442">
					<TextBlock ID="block_44" HPOS="788" VPOS="1304" WIDTH="361" HEIGHT="21">
						<TextLine ID="line_81" HPOS="788" VPOS="1304" WIDTH="361" HEIGHT="21">
							<String ID="string_415" HPOS="788" VPOS="1305" WIDTH="62" HEIGHT="20" WC="0.96" CONTENT="1888."/><SP WIDTH="34" VPOS="1305" HPOS="850"/>
							<String ID="string_416" HPOS="884" VPOS="1305" WIDTH="94" HEIGHT="20" WC="0.92" CONTENT="Senator"/><SP WIDTH="20" VPOS="1305" HPOS="978"/>
							<String ID="string_417" HPOS="998" VPOS="1304" WIDTH="151" HEIGHT="21" WC="0.90" CONTENT="1905—1908."/>
						</TextLine>
					</TextBlock>
					<TextBlock ID="block_45" HPOS="818" VPOS="1332" WIDTH="447" HEIGHT="28">
						<TextLine ID="line_82" HPOS="818" VPOS="1332" WIDTH="447" HEIGHT="28">
							<String ID="string_418" HPOS="818" VPOS="1332" WIDTH="91" HEIGHT="28" WC="0.92" CONTENT="1877/78"/><SP WIDTH="19" VPOS="1332" HPOS="909"/>
							<String ID="string_419" HPOS="928" VPOS="1334" WIDTH="6" HEIGHT="20" WC="0.93" CONTENT="i"/><SP WIDTH="20" VPOS="1334" HPOS="934"/>
							<String ID="string_420" HPOS="954" VPOS="1334" WIDTH="157" HEIGHT="25" WC="0.92" CONTENT="ridderskapet"/><SP WIDTH="19" VPOS="1334" HPOS="1111"/>
							<String ID="string_421" HPOS="1130" VPOS="1334" WIDTH="43" HEIGHT="20" WC="0.93" CONTENT="och"/><SP WIDTH="20" VPOS="1334" HPOS="1173"/>
							<String ID="string_422" HPOS="1193" VPOS="1333" WIDTH="72" HEIGHT="21" WC="0.93" CONTENT="adeln."/>
						</TextLine>
					</TextBlock>
					<TextBlock ID="block_46" HPOS="786" VPOS="1360" WIDTH="603" HEIGHT="149">
						<TextLine ID="line_83" HPOS="818" VPOS="1360" WIDTH="570" HEIGHT="29">
							<String ID="string_423" HPOS="818" VPOS="1365" WIDTH="54" HEIGHT="20" WC="0.96" CONTENT="1882"/><SP WIDTH="15" VPOS="1365" HPOS="872"/>
							<String ID="string_424" HPOS="887" VPOS="1364" WIDTH="7" HEIGHT="20" WC="0.93" CONTENT="i"/><SP WIDTH="14" VPOS="1364" HPOS="894"/>
							<String ID="string_425" HPOS="908" VPOS="1363" WIDTH="158" HEIGHT="26" WC="0.91" CONTENT="ridderskapet"/><SP WIDTH="16" VPOS="1363" HPOS="1066"/>
							<String ID="string_426" HPOS="1082" VPOS="1364" WIDTH="42" HEIGHT="19" WC="0.93" CONTENT="och"/><SP WIDTH="15" VPOS="1364" HPOS="1124"/>
							<String ID="string_427" HPOS="1139" VPOS="1363" WIDTH="74" HEIGHT="20" WC="0.92" CONTENT="adeln."/><SP WIDTH="29" VPOS="1363" HPOS="1213"/>
							<String ID="string_428" HPOS="1242" VPOS="1363" WIDTH="93" HEIGHT="20" WC="0.92" CONTENT="Elektor"/><SP WIDTH="18" VPOS="1363" HPOS="1335"/>
							<String ID="string_429" HPOS="1353" VPOS="1360" WIDTH="35" HEIGHT="26" WC="0.96" CONTENT="(fr."/>
						</TextLine>
						<TextLine ID="line_84" HPOS="786" VPOS="1391" WIDTH="603" HEIGHT="28">
							<String ID="string_430" HPOS="786" VPOS="1395" WIDTH="26" HEIGHT="20" WC="0.96" CONTENT="31"/><SP WIDTH="17" VPOS="1395" HPOS="812"/>
							<String ID="string_431" HPOS="829" VPOS="1391" WIDTH="79" HEIGHT="27" WC="0.96" CONTENT="mars)."/><SP WIDTH="32" VPOS="1391" HPOS="908"/>
							<String ID="string_432" HPOS="940" VPOS="1394" WIDTH="52" HEIGHT="20" WC="0.37" CONTENT="Led."/><SP WIDTH="16" VPOS="1394" HPOS="992"/>
							<String ID="string_433" HPOS="1008" VPOS="1393" WIDTH="6" HEIGHT="20" WC="0.37" CONTENT="i"/><SP WIDTH="16" VPOS="1393" HPOS="1014"/>
							<String ID="string_434" HPOS="1030" VPOS="1393" WIDTH="56" HEIGHT="26" WC="0.87" CONTENT="Lag-"/><SP WIDTH="17" VPOS="1393" HPOS="1086"/>
							<String ID="string_435" HPOS="1103" VPOS="1393" WIDTH="42" HEIGHT="20" WC="0.93" CONTENT="och"/><SP WIDTH="16" VPOS="1393" HPOS="1145"/>
							<String ID="string_436" HPOS="1161" VPOS="1393" WIDTH="74" HEIGHT="20" WC="0.93" CONTENT="Ekon."/><SP WIDTH="15" VPOS="1393" HPOS="1235"/>
							<String ID="string_437" HPOS="1250" VPOS="1393" WIDTH="60" HEIGHT="20" WC="0.92" CONTENT="utsk."/><SP WIDTH="16" VPOS="1393" HPOS="1310"/>
							<String ID="string_438" HPOS="1326" VPOS="1393" WIDTH="42" HEIGHT="20" WC="0.95" CONTENT="och"/><SP WIDTH="15" VPOS="1393" HPOS="1368"/>
							<String ID="string_439" HPOS="1383" VPOS="1392" WIDTH="6" HEIGHT="20" WC="0.96" CONTENT="i"/>
						</TextLine>
						<TextLine ID="line_85" HPOS="787" VPOS="1419" WIDTH="599" HEIGHT="30">
							<String ID="string_440" HPOS="787" VPOS="1423" WIDTH="63" HEIGHT="21" WC="0.93" CONTENT="först."/><SP WIDTH="19" VPOS="1423" HPOS="850"/>
							<String ID="string_441" HPOS="869" VPOS="1423" WIDTH="51" HEIGHT="20" WC="0.92" CONTENT="Bev."/><SP WIDTH="18" VPOS="1423" HPOS="920"/>
							<String ID="string_442" HPOS="938" VPOS="1423" WIDTH="59" HEIGHT="20" WC="0.88" CONTENT="utsk."/><SP WIDTH="34" VPOS="1423" HPOS="997"/>
							<String ID="string_443" HPOS="1031" VPOS="1423" WIDTH="78" HEIGHT="26" WC="0.92" CONTENT="Suppl."/><SP WIDTH="19" VPOS="1423" HPOS="1109"/>
							<String ID="string_444" HPOS="1128" VPOS="1423" WIDTH="5" HEIGHT="20" WC="0.96" CONTENT="i"/><SP WIDTH="18" VPOS="1423" HPOS="1133"/>
							<String ID="string_445" HPOS="1151" VPOS="1423" WIDTH="57" HEIGHT="26" WC="0.93" CONTENT="Exp."/><SP WIDTH="19" VPOS="1423" HPOS="1208"/>
							<String ID="string_446" HPOS="1227" VPOS="1423" WIDTH="59" HEIGHT="20" WC="0.93" CONTENT="utsk."/><SP WIDTH="22" VPOS="1423" HPOS="1286"/>
							<String ID="string_447" HPOS="1308" VPOS="1419" WIDTH="35" HEIGHT="27" WC="0.96" CONTENT="(fr."/><SP WIDTH="19" VPOS="1419" HPOS="1343"/>
							<String ID="string_448" HPOS="1362" VPOS="1423" WIDTH="24" HEIGHT="20" WC="0.96" CONTENT="31"/>
						</TextLine>
						<TextLine ID="line_86" HPOS="786" VPOS="1450" WIDTH="602" HEIGHT="28">
							<String ID="string_449" HPOS="786" VPOS="1450" WIDTH="70" HEIGHT="27" WC="0.96" CONTENT="mars)"/><SP WIDTH="24" VPOS="1450" HPOS="856"/>
							<String ID="string_450" HPOS="880" VPOS="1453" WIDTH="42" HEIGHT="20" WC="0.96" CONTENT="och"/><SP WIDTH="22" VPOS="1453" HPOS="922"/>
							<String ID="string_451" HPOS="944" VPOS="1453" WIDTH="5" HEIGHT="20" WC="0.96" CONTENT="i"/><SP WIDTH="23" VPOS="1453" HPOS="949"/>
							<String ID="string_452" HPOS="972" VPOS="1453" WIDTH="62" HEIGHT="20" WC="0.93" CONTENT="först."/><SP WIDTH="24" VPOS="1453" HPOS="1034"/>
							<String ID="string_453" HPOS="1058" VPOS="1453" WIDTH="120" HEIGHT="20" WC="0.88" CONTENT="Statsutsk."/><SP WIDTH="37" VPOS="1453" HPOS="1178"/>
							<String ID="string_454" HPOS="1215" VPOS="1453" WIDTH="79" HEIGHT="20" WC="0.92" CONTENT="Förste"/><SP WIDTH="21" VPOS="1453" HPOS="1294"/>
							<String ID="string_455" HPOS="1315" VPOS="1452" WIDTH="73" HEIGHT="26" WC="0.87" CONTENT="suppl."/>
						</TextLine>
						<TextLine ID="line_87" HPOS="786" VPOS="1481" WIDTH="602" HEIGHT="28">
							<String ID="string_456" HPOS="786" VPOS="1483" WIDTH="36" HEIGHT="21" WC="0.93" CONTENT="för"/><SP WIDTH="18" VPOS="1483" HPOS="822"/>
							<String ID="string_457" HPOS="840" VPOS="1483" WIDTH="170" HEIGHT="26" WC="0.90" CONTENT="ridderskapets"/><SP WIDTH="18" VPOS="1483" HPOS="1010"/>
							<String ID="string_458" HPOS="1028" VPOS="1483" WIDTH="43" HEIGHT="20" WC="0.93" CONTENT="och"/><SP WIDTH="19" VPOS="1483" HPOS="1071"/>
							<String ID="string_459" HPOS="1090" VPOS="1483" WIDTH="78" HEIGHT="20" WC="0.92" CONTENT="adelns"/><SP WIDTH="19" VPOS="1483" HPOS="1168"/>
							<String ID="string_460" HPOS="1187" VPOS="1481" WIDTH="201" HEIGHT="26" WC="0.92" CONTENT="bankfullmäktig."/>
						</TextLine>
					</TextBlock>
					<TextBlock ID="block_47" HPOS="786" VPOS="1511" WIDTH="602" HEIGHT="117">
						<TextLine ID="line_88" HPOS="818" VPOS="1511" WIDTH="570" HEIGHT="27">
							<String ID="string_461" HPOS="818" VPOS="1513" WIDTH="54" HEIGHT="21" WC="0.96" CONTENT="1885"/><SP WIDTH="25" VPOS="1513" HPOS="872"/>
							<String ID="string_462" HPOS="897" VPOS="1512" WIDTH="6" HEIGHT="21" WC="0.93" CONTENT="i"/><SP WIDTH="24" VPOS="1512" HPOS="903"/>
							<String ID="string_463" HPOS="927" VPOS="1512" WIDTH="159" HEIGHT="26" WC="0.96" CONTENT="ridderskapet"/><SP WIDTH="23" VPOS="1512" HPOS="1086"/>
							<String ID="string_464" HPOS="1109" VPOS="1512" WIDTH="42" HEIGHT="21" WC="0.93" CONTENT="och"/><SP WIDTH="26" VPOS="1512" HPOS="1151"/>
							<String ID="string_465" HPOS="1177" VPOS="1512" WIDTH="72" HEIGHT="21" WC="0.92" CONTENT="adeln."/><SP WIDTH="40" VPOS="1512" HPOS="1249"/>
							<String ID="string_466" HPOS="1289" VPOS="1511" WIDTH="99" HEIGHT="21" WC="0.30" CONTENT="&amp;Elektor."/>
						</TextLine>
						<TextLine ID="line_89" HPOS="786" VPOS="1542" WIDTH="602" HEIGHT="26">
							<String ID="string_467" HPOS="786" VPOS="1543" WIDTH="53" HEIGHT="21" WC="0.94" CONTENT="Led."/><SP WIDTH="16" VPOS="1543" HPOS="839"/>
							<String ID="string_468" HPOS="855" VPOS="1542" WIDTH="6" HEIGHT="21" WC="0.92" CONTENT="i"/><SP WIDTH="15" VPOS="1542" HPOS="861"/>
							<String ID="string_469" HPOS="876" VPOS="1543" WIDTH="55" HEIGHT="25" WC="0.91" CONTENT="Lag-"/><SP WIDTH="15" VPOS="1543" HPOS="931"/>
							<String ID="string_470" HPOS="946" VPOS="1543" WIDTH="42" HEIGHT="20" WC="0.93" CONTENT="och"/><SP WIDTH="16" VPOS="1543" HPOS="988"/>
							<String ID="string_471" HPOS="1004" VPOS="1542" WIDTH="74" HEIGHT="21" WC="0.92" CONTENT="Ekon."/><SP WIDTH="17" VPOS="1542" HPOS="1078"/>
							<String ID="string_472" HPOS="1095" VPOS="1542" WIDTH="68" HEIGHT="24" WC="0.91" CONTENT="utsk.;"/><SP WIDTH="16" VPOS="1542" HPOS="1163"/>
							<String ID="string_473" HPOS="1179" VPOS="1542" WIDTH="5" HEIGHT="20" WC="0.96" CONTENT="i"/><SP WIDTH="16" VPOS="1542" HPOS="1184"/>
							<String ID="string_474" HPOS="1200" VPOS="1542" WIDTH="56" HEIGHT="20" WC="0.93" CONTENT="Just."/><SP WIDTH="16" VPOS="1542" HPOS="1256"/>
							<String ID="string_475" HPOS="1272" VPOS="1542" WIDTH="59" HEIGHT="20" WC="0.90" CONTENT="utsk."/><SP WIDTH="16" VPOS="1542" HPOS="1331"/>
							<String ID="string_476" HPOS="1347" VPOS="1542" WIDTH="41" HEIGHT="20" WC="0.96" CONTENT="och"/>
						</TextLine>
						<TextLine ID="line_90" HPOS="786" VPOS="1571" WIDTH="602" HEIGHT="27">
							<String ID="string_477" HPOS="786" VPOS="1574" WIDTH="33" HEIGHT="19" WC="0.93" CONTENT="tre"/><SP WIDTH="20" VPOS="1574" HPOS="819"/>
							<String ID="string_478" HPOS="839" VPOS="1572" WIDTH="83" HEIGHT="26" WC="0.96" CONTENT="gånger"/><SP WIDTH="21" VPOS="1572" HPOS="922"/>
							<String ID="string_479" HPOS="943" VPOS="1572" WIDTH="6" HEIGHT="20" WC="0.95" CONTENT="i"/><SP WIDTH="22" VPOS="1572" HPOS="949"/>
							<String ID="string_480" HPOS="971" VPOS="1572" WIDTH="63" HEIGHT="20" WC="0.93" CONTENT="först."/><SP WIDTH="22" VPOS="1572" HPOS="1034"/>
							<String ID="string_481" HPOS="1056" VPOS="1572" WIDTH="120" HEIGHT="20" WC="0.92" CONTENT="Statsutsk."/><SP WIDTH="37" VPOS="1572" HPOS="1176"/>
							<String ID="string_482" HPOS="1213" VPOS="1571" WIDTH="175" HEIGHT="26" WC="0.83" CONTENT="Ridderskapets"/>
						</TextLine>
						<TextLine ID="line_91" HPOS="786" VPOS="1601" WIDTH="355" HEIGHT="27">
							<String ID="string_483" HPOS="786" VPOS="1603" WIDTH="42" HEIGHT="20" WC="0.93" CONTENT="och"/><SP WIDTH="18" VPOS="1603" HPOS="828"/>
							<String ID="string_484" HPOS="846" VPOS="1602" WIDTH="77" HEIGHT="20" WC="0.92" CONTENT="adelns"/><SP WIDTH="16" VPOS="1602" HPOS="923"/>
							<String ID="string_485" HPOS="939" VPOS="1601" WIDTH="202" HEIGHT="27" WC="0.92" CONTENT="bankfullmäktig."/>
						</TextLine>
					</TextBlock>
					<TextBlock ID="block_48" HPOS="786" VPOS="1630" WIDTH="602" HEIGHT="116">
						<TextLine ID="line_92" HPOS="818" VPOS="1630" WIDTH="569" HEIGHT="28">
							<String ID="string_486" HPOS="818" VPOS="1633" WIDTH="55" HEIGHT="20" WC="0.96" CONTENT="1888"/><SP WIDTH="11" VPOS="1633" HPOS="873"/>
							<String ID="string_487" HPOS="884" VPOS="1632" WIDTH="8" HEIGHT="20" WC="0.92" CONTENT="i"/><SP WIDTH="10" VPOS="1632" HPOS="892"/>
							<String ID="string_488" HPOS="902" VPOS="1632" WIDTH="157" HEIGHT="26" WC="0.91" CONTENT="ridderskapet"/><SP WIDTH="12" VPOS="1632" HPOS="1059"/>
							<String ID="string_489" HPOS="1071" VPOS="1632" WIDTH="43" HEIGHT="20" WC="0.93" CONTENT="och"/><SP WIDTH="10" VPOS="1632" HPOS="1114"/>
							<String ID="string_490" HPOS="1124" VPOS="1632" WIDTH="73" HEIGHT="20" WC="0.92" CONTENT="adeln."/><SP WIDTH="20" VPOS="1632" HPOS="1197"/>
							<String ID="string_491" HPOS="1217" VPOS="1631" WIDTH="99" HEIGHT="21" WC="0.90" CONTENT="Elektor."/><SP WIDTH="19" VPOS="1631" HPOS="1316"/>
							<String ID="string_492" HPOS="1335" VPOS="1630" WIDTH="52" HEIGHT="21" WC="0.96" CONTENT="Led."/>
						</TextLine>
						<TextLine ID="line_93" HPOS="786" VPOS="1660" WIDTH="602" HEIGHT="28">
							<String ID="string_493" HPOS="786" VPOS="1662" WIDTH="6" HEIGHT="20" WC="0.93" CONTENT="i"/><SP WIDTH="18" VPOS="1662" HPOS="792"/>
							<String ID="string_494" HPOS="810" VPOS="1662" WIDTH="116" HEIGHT="26" WC="0.91" CONTENT="Lagutsk.;"/><SP WIDTH="18" VPOS="1662" HPOS="926"/>
							<String ID="string_495" HPOS="944" VPOS="1662" WIDTH="5" HEIGHT="20" WC="0.93" CONTENT="i"/><SP WIDTH="16" VPOS="1662" HPOS="949"/>
							<String ID="string_496" HPOS="965" VPOS="1662" WIDTH="107" HEIGHT="25" WC="0.87" CONTENT="Värnepi."/><SP WIDTH="17" VPOS="1662" HPOS="1072"/>
							<String ID="string_497" HPOS="1089" VPOS="1661" WIDTH="68" HEIGHT="23" WC="0.91" CONTENT="utsk.;"/><SP WIDTH="18" VPOS="1661" HPOS="1157"/>
							<String ID="string_498" HPOS="1175" VPOS="1662" WIDTH="6" HEIGHT="20" WC="0.96" CONTENT="i"/><SP WIDTH="16" VPOS="1662" HPOS="1181"/>
							<String ID="string_499" HPOS="1197" VPOS="1661" WIDTH="56" HEIGHT="20" WC="0.93" CONTENT="Just."/><SP WIDTH="17" VPOS="1661" HPOS="1253"/>
							<String ID="string_500" HPOS="1270" VPOS="1660" WIDTH="59" HEIGHT="20" WC="0.92" CONTENT="utsk."/><SP WIDTH="18" VPOS="1660" HPOS="1329"/>
							<String ID="string_501" HPOS="1347" VPOS="1660" WIDTH="41" HEIGHT="20" WC="0.96" CONTENT="och"/>
						</TextLine>
						<TextLine ID="line_94" HPOS="786" VPOS="1691" WIDTH="230" HEIGHT="21">
							<String ID="string_502" HPOS="786" VPOS="1692" WIDTH="6" HEIGHT="19" WC="0.95" CONTENT="i"/><SP WIDTH="21" VPOS="1692" HPOS="792"/>
							<String ID="string_503" HPOS="813" VPOS="1692" WIDTH="61" HEIGHT="20" WC="0.93" CONTENT="först."/><SP WIDTH="22" VPOS="1692" HPOS="874"/>
							<String ID="string_504" HPOS="896" VPOS="1691" WIDTH="120" HEIGHT="21" WC="0.92" CONTENT="Statsutsk."/>
						</TextLine>
						<TextLine ID="line_95" HPOS="786" VPOS="1721" WIDTH="201" HEIGHT="25">
							<String ID="string_505" HPOS="786" VPOS="1721" WIDTH="201" HEIGHT="25" WC="0.91" CONTENT="bankfullmäktig."/>
						</TextLine>
					</TextBlock>
				</ComposedBlock>
				<ComposedBlock ID="cblock_29" HPOS="1052" VPOS="1690" WIDTH="354" HEIGHT="26">
					<TextBlock ID="block_49" HPOS="1052" VPOS="1690" WIDTH="354" HEIGHT="26">
						<TextLine ID="line_96" HPOS="1052" VPOS="1690" WIDTH="354" HEIGHT="26">
							<String ID="string_506" HPOS="1052" VPOS="1690" WIDTH="176" HEIGHT="26" WC="0.91" CONTENT="Ridderskapets"/><SP WIDTH="21" VPOS="1690" HPOS="1228"/>
							<String ID="string_507" HPOS="1249" VPOS="1690" WIDTH="41" HEIGHT="20" WC="0.93" CONTENT="och"/><SP WIDTH="21" VPOS="1690" HPOS="1290"/>
							<String ID="string_508" HPOS="1311" VPOS="1690" WIDTH="95" HEIGHT="25" WC="0.91" CONTENT="adelns"/><SP WIDTH="-11" VPOS="1690" HPOS="1406"/>
							<String ID="string_509" HPOS="1395" VPOS="1686" WIDTH="15" HEIGHT="35" WC="0.90" CONTENT="!"/>
						</TextLine>
					</TextBlock>
				</ComposedBlock>
			</PrintSpace>
		</Page>
	</Layout>
</alto>
