1489 1867
614 86 155 22 Personregister.

57 156 2 33 |
79 158 101 24 (Idestam,
193 158 72 19 Gustaf
278 158 102 23 Richard,)

115 209 91 27 1877/78
223 210 6 20 i
247 210 157 26 ridderskapet
421 210 42 20 och
481 210 73 20 adeln.
586 210 98 20 Elektor.

84 241 52 20 Led.
150 240 7 20 i
169 240 108 26 Lagutsk.
304 240 53 20 Led.
371 240 43 20 och
427 240 57 20 ordf.
497 240 7 20 i
517 240 55 26 Exp.
586 240 59 20 utsk.

115 271 54 20 1882
188 270 6 20 i
212 270 157 25 ridderskapet
388 270 42 20 och
448 270 73 20 adeln.

116 301 54 19 1885
185 300 6 20 i
205 300 157 25 ridderskapet
377 300 42 20 och
433 300 74 20 adeln.
536 300 93 20 Elektor
646 297 39 27 (till

85 330 27 21 20
127 326 80 28 mars).
230 329 64 21 Ordf.
309 329 7 21 i
331 330 107 25 Lagutsk.
458 327 41 26 (till
515 330 26 19 20
556 326 69 28 mars)
644 330 42 20 och

85 360 41 20 led.
143 361 7 20 i
166 360 57 25 Exp.
240 360 59 20 utsk.
319 357 41 26 (till
378 360 27 19 20
422 356 75 28 febr).

83 422 110 27 Idestam,
210 422 67 22 Josef
293 422 74 22 Frans
384 421 86 27 Oskar,

60 461 2 24 |
86 467 14 20 f.
119 468 61 23 1828,
197 464 15 25 t
231 467 61 21 1908.
325 467 218 20 Landssekreterare
560 467 5 20 i
582 468 105 19 Tavaste-

86 498 43 19 hus
143 497 44 20 län.

118 528 54 19 1872
185 529 6 20 i
204 527 158 26 ridderskapet
375 527 43 20 och
431 527 73 20 adeln.
534 527 52 20 Led.
600 527 6 20 i
620 528 67 19 Kom-

86 557 140 20 munalutsk.
244 557 43 20 och
308 554 35 27 (fr.
365 558 8 19 1
393 554 57 29 juni)
473 557 5 20 i
497 557 190 20 Riddarhusutsk.

87 587 77 26 Suppl.
179 587 6 20 i
199 587 108 25 Lagutsk.

84 649 110 27 Idestam,
212 649 62 24 Knut
291 649 106 27 Fredrik,

87 694 15 20 f.
125 695 61 23 1838,
215 692 7 25 1
245 695 61 20 1916.
343 694 174 26 Bergsingeniör
539 695 149 20 1863—1871.

87 724 149 26 Bruksägare.

119 755 54 20 1867
191 754 6 20 i
214 754 157 26 ridderskapet
390 755 43 20 och
451 755 73 20 adeln.

119 782 91 27 1877/78
226 784 6 20 i
249 784 157 26 ridderskapet
424 785 42 20 och
483 785 67 20 adeln
569 781 43 27 (för
629 785 60 20 ätten

88 813 23 21 af
130 811 153 28 Tengström).
319 814 52 20 Led.
393 814 6 20 i
420 815 77 20 Järnv.
518 814 58 21 utsk.
601 811 41 27 (till
663 815 25 19 27

88 843 55 21 febr.
163 841 74 27 1877).

119 874 53 20 1891
195 870 35 27 (fr.
250 874 11 19 7
279 871 56 28 apr.)
357 874 5 19 i
381 873 157 27 ridderskapet
556 874 42 20 och
617 874 72 20 adeln.

120 901 90 27 1904/05
229 905 5 20 i
254 903 158 26 ridderskapet
431 904 42 20 och
494 904 72 20 adeln.

86 965 109 27 Idestam,
213 965 79 23 Oskar
308 965 90 29 Eugen,

89 1010 14 20 f.
118 1011 61 20 1860.
200 1011 183 20 Senatskanslist.
398 1011 210 24 Hofrättsassessor,
629 1012 62 19 äldre

88 1040 183 25 justitierädman
290 1041 6 20 i
315 1041 149 26 Helsingfors.

120 1071 55 20 1888
192 1070 6 21 i
216 1070 157 26 ridderskapet
392 1071 42 20 och
453 1071 73 20 adeln.

121 1101 52 20 1891
195 1097 40 27 (till
255 1101 9 19 1
283 1098 56 28 apr.)
360 1101 7 20 i
384 1100 157 27 ridderskapet
558 1101 42 20 och
618 1101 72 20 adeln.

64 1142 1 13 |
121 1131 54 19 1894
191 1130 7 20 i
214 1130 157 26 ridderskapet
388 1131 42 20 och
447 1131 74 20 adeln.
553 1131 138 20 Riddarhus-

90 1159 95 21 kanslist
203 1161 43 19 och
265 1160 74 20 fiskal.
375 1161 78 25 Suppl.
473 1161 6 19 i
498 1161 57 20 Just.
574 1161 59 20 utsk.
656 1157 35 27 (fr.

64 1187 2 25 |
90 1190 26 19 25
131 1187 64 28 maj).

65 1222 1 22 |
121 1220 54 20 1897
193 1219 5 20 i
214 1219 157 26 ridderskapet
389 1221 41 19 och
448 1221 73 19 adeln.

90 1249 95 20 kanslist
201 1250 42 19 och
258 1249 74 20 fiskal.

553 1220 139 20 Riddarhus-

363 1250 78 25 Suppl.
457 1249 6 21 i
478 1249 57 21 Just.
550 1250 58 20 utsk.

65 1293 1 13 i
121 1279 55 20 1899
192 1279 7 20 i
215 1279 158 26 ridderskapet
389 1280 43 19 och
449 1280 73 20 adeln.
553 1279 139 21 Riddarhus-

65 1312 1 23 ;
90 1308 95 21 kanslist
203 1309 42 20 och
262 1309 75 20 fiskal.

121 1338 55 21 1900
192 1338 7 20 i
215 1338 158 27 ridderskapet
389 1339 43 20 och
448 1339 73 20 adeln.
553 1339 139 20 Riddarhus-

65 1370 1 3 |
90 1367 95 21 kanslist
202 1369 42 19 och
261 1368 74 21 fiskal.
368 1369 77 25 Suppl
464 1369 5 20 i
487 1369 56 25 Exp.
560 1369 58 20 utsk.

88 1430 89 28 Idman,
194 1430 85 22 Gustaf
296 1430 94 28 Rudolf,

90 1475 15 20 f.
125 1476 61 20 1857.
219 1475 146 21 Stadsläkare
382 1476 6 20 i
406 1476 163 20 Tammerfors.
602 1476 91 20 Medici-

90 1504 79 21 nalräd
185 1505 6 20 i
206 1505 233 26 medicinalstyrelsen
456 1506 150 20 1907—1916.

122 1541 54 19 1894
192 1540 131 26 fullmäktig
338 1540 36 21 för
389 1541 158 20 Tammerfors
562 1542 55 19 stad.
641 1541 52 19 Led.

91 1570 5 19 i
111 1570 129 20 Hästutskr.
255 1570 59 20 utsk.

123 1606 53 20 1897
196 1606 131 25 fullmäktig
346 1606 35 20 för
401 1606 156 20 Tammerfors
577 1606 55 20 stad.

123 1636 54 19 1899
191 1635 130 25 fullmäktig
334 1636 35 19 för
382 1635 157 21 Tammerfors
552 1636 55 20 stad.
628 1635 65 20 Elek-

92 1666 40 18 tor.

123 1700 54 20 1900
191 1700 130 26 fullmäktig
334 1700 35 20 för
382 1700 157 20 Tammerfors
553 1701 54 19 stad.
629 1700 65 20 Elek-

91 1731 41 18 tor.
163 1729 52 21 Led.
232 1730 6 20 i
253 1730 52 20 Bev.
320 1730 60 20 utsk.

718 158 82 24 (Idman,
813 158 72 18 Gustaf
898 158 88 23 Rudolf,)

752 208 90 27 1904/05
869 209 131 25 fullmäktig
1025 209 34 20 för
1085 208 156 20 Tammerfors
1268 207 55 21 stad.

722 240 77 26 Suppl.
814 240 6 20 i
834 239 174 21 Talmanskonf.
1038 239 100 20 Elektor.
1169 238 52 20 Led.
1235 238 6 20 i
1256 238 68 20 Stats-

721 270 59 20 utsk.
813 270 76 20 Andre
906 270 73 25 suppl.
998 269 35 20 för
1050 268 185 26 borgarståndets
1253 266 71 21 bank-

722 299 137 25 fullmäktig.

753 327 91 27 1905/06
869 328 132 26 fullmäktig
1027 329 34 19 för
1086 328 157 20 Tammerfors
1269 326 55 21 stad.

722 359 148 20 Vicetalman.
908 359 53 20 Led.
985 359 4 20 i
1013 358 174 20 Talmanskonf.
1226 357 98 21 Elektor.

723 390 52 19 Led.
792 389 6 20 i
814 389 120 21 Statsutsk.

720 445 235 28 Idänpää-Heikkilä,
971 445 102 27 Juhana,

724 485 13 20 f.
756 486 62 23 1818,
834 482 14 25 T
866 485 62 20 1890.
959 484 146 21 Rusthållare
1119 484 5 20 i
1140 484 70 20 Vänä.

755 515 53 20 1872

723 545 52 20 Led.
795 545 4 20 i
817 544 174 21 Talmanskonf.

1025 545 99 20 Elektor.
1158 544 53 20 Led.
1229 545 6 19 i
1252 543 74 20 Ekon.

724 575 58 20 utsk.
810 575 78 25 Suppl
900 574 6 20 i
917 574 56 25 Lag-
985 575 42 20 och
1040 574 72 20 Ekon.
1125 574 59 20 utsk.
1197 574 43 19 och
1252 573 7 20 i
1270 573 55 25 Exp.

723 605 59 20 utsk.
812 605 53 20 Led.
881 604 37 21 två
932 604 83 26 gånger
1030 604 5 20 i
1050 604 63 20 först.
1129 603 120 21 Statsutsk.
1264 603 43 20 och
1321 601 5 20 i

723 634 63 20 först.
802 635 51 20 Bev.
869 634 59 21 utsk.

724 665 47 19 dets
786 664 156 21 bankrevisor.

958 634 78 20 Förste
1052 634 72 25 suppl.
1140 633 36 20 för
1190 631 136 22 bondestån-

755 692 91 27 1877/78
864 694 131 25 fullmäktig
1012 694 36 20 för
1065 694 129 20 Janakkala
1212 693 114 24 domsaga.
1343 706 1 4 |

725 724 77 25 Suppl.
820 724 6 20 i
842 724 175 20 Talmanskonf.
1050 723 99 21 Elektor.
1182 723 53 20 Led.
1253 722 5 21 i
1275 722 52 20 Bev.

725 753 58 21 utsk.
800 751 40 26 (till
856 755 7 18 1
880 754 45 25 maj
940 751 75 27 1877);
1029 754 42 19 led.
1087 753 2 20 i
1103 753 55 26 Exp.
1172 753 69 23 utsk.;
1255 752 6 20 i
1273 752 54 20 Vär-

724 784 59 25 nepl.
804 784 69 23 utsk.;
895 783 4 20 i
921 783 63 21 först.
1005 783 117 26 Lagutsk.;
1143 783 6 20 i
1170 783 63 20 först.
1254 782 73 20 Ekon.

725 813 68 24 utsk.;
811 815 5 20 i
833 814 62 19 först.
912 814 52 20 Bev.
980 813 59 20 utsk.
1056 814 41 19 och
1114 813 5 20 i
1135 813 63 20 först.
1214 813 55 24 Lag-
1286 811 42 21 och

725 843 73 20 Ekon.
817 843 59 20 utsk.
911 843 74 20 Andre
1004 843 74 26 suppl.
1097 843 35 20 för
1151 841 177 22 bondeständets

725 873 156 20 bankrevisor.

757 903 54 20 1882
838 903 131 26 fullmäktig
995 903 35 20 för

726 933 99 20 Elektor.

1057 903 128 20 Janakkala
1213 903 115 24 domsaga.

859 933 52 20 Led.
930 933 6 20 i
953 933 105 26 Värnepi.
1076 933 68 23 utsk.;
1162 933 6 20 i
1186 933 56 24 Exp.
1260 931 68 23 utsk.;

726 962 6 21 i
751 962 70 21 Ensk.
840 963 64 20 Besv.
924 963 68 23 utsk.;
1013 963 5 20 i
1038 963 62 20 först.
1121 961 120 22 Statsutsk.
1261 962 43 20 och
1323 961 23 20 i:

727 992 62 21 först.
806 993 52 20 Bev.
875 993 59 20 utsk.

724 1055 112 28 Ignatius,
854 1055 87 23 Kaarlo
957 1054 57 29 Yrjö
1031 1055 151 26 Benedictus,

727 1094 14 20 f.
757 1095 61 20 1869.
847 1094 181 25 Jurisutriusgue
1041 1094 116 24 kandidat,
1170 1094 83 20 doktor
1268 1093 61 20 1900.

728 1123 235 26 Vicehäradshöfding
979 1125 62 19 1896.
1071 1124 24 20 E.
1109 1131 19 13 o.
1143 1124 73 19 lektor
1230 1123 37 20 vid
1281 1122 48 20 uni-

727 1154 119 23 versitetet,
863 1154 97 20 medlem
978 1153 23 20 af
1017 1153 198 26 lagberedningen,
1232 1158 98 15 assessor

727 1183 6 20 i
748 1183 106 26 Wiborgs
868 1183 94 24 hofrätt,
978 1183 79 20 afsked
1074 1184 61 19 1913.

727 1213 110 20 Finlands
855 1213 65 20 Bank
940 1214 62 20 1915.

761 1244 52 19 1897
830 1243 139 20 sekreterare
987 1243 4 20 i
1009 1243 107 25 Lagutsk.

760 1272 90 26 1904/05
866 1273 140 20 sekreterare
1020 1273 6 20 i
1043 1273 74 20 Särsk.

728 1303 6 19 i
750 1303 56 25 Exp.
823 1303 59 20 utsk.

760 1331 91 26 1905/06
869 1332 177 21 bondeständets
1066 1333 144 20 sekreterare.

1135 1273 63 20 Besv.
1214 1272 59 21 utsk.
1289 1271 41 20 och

726 1394 113 28 Ignatius,
856 1394 55 24 Karl
929 1394 61 22 Emil
1008 1393 141 27 Ferdinand,

729 1434 14 20 f.
768 1434 61 24 1837,
851 1431 13 25 1
888 1434 62 20 1909.
987 1433 108 21 Filosofie
1114 1433 89 23 doktor,
1225 1432 53 20 chef
1298 1431 34 20 för

728 1464 124 20 statistiska
868 1463 81 26 byrän.
980 1464 102 23 Senator,
1098 1463 52 20 chef
1165 1463 36 20 för
1217 1462 115 20 kammar-

728 1493 159 25 expeditionen
908 1493 143 20 1885—1900
1069 1493 42 19 och
1131 1492 151 20 1905—1908.

761 1524 53 19 1872
831 1523 139 20 sekreterare
987 1524 4 20 i
1009 1522 66 20 Allm.
1092 1522 62 20 Besv.
1170 1522 61 20 utsk.

760 1553 92 22 1877/78
866 1552 130 25 fullmäktig
1009 1552 35 20 för
1057 1552 77 20 Kaskö
1148 1552 55 20 stad.

730 1582 64 20 Ordf.
815 1582 5 20 i
842 1582 51 20 Bev.
914 1582 58 20 utsk.

729 1612 13 20 6
758 1612 47 20 dec.
825 1609 73 27 1877).

762 1642 54 19 1882
831 1641 130 25 fullmäktig
976 1641 34 19 för
1025 1642 77 19 staden
1118 1640 120 20 Kexholm.
1268 1638 65 20 Elek-

731 1672 40 18 tor.
800 1670 63 20 Ordf.
877 1671 4 19 i
895 1671 51 19 Bev.
958 1671 60 19 utsk.
1046 1670 96 26 Suppl.i
1154 1669 107 25 Värnepli.
1274 1668 59 20 utsk.

730 1701 43 19 och
786 1700 5 20 i
806 1701 56 19 Just.
876 1700 60 20 utsk.
966 1700 80 25 Tredje
1060 1700 73 25 suppl.
1148 1700 35 19 för
1197 1697 136 27 prästestän-

729 1730 49 20 dets
795 1730 156 20 bankrevisor.
984 1730 78 25 Suppl.
1080 1729 6 20 i
1105 1727 229 25 Ständerhusdelega-

836 514 131 26 fullmäktig
993 514 36 21 för
1055 514 129 20 Janakkala
1211 514 132 23 domsaga.
1330 510 15 34 ;

1166 1183 144 20 Sekreterare
1325 1181 5 20 i
1347 1183 1 4 |

1233 1550 99 21 Elektor.
1349 1569 1 5 |

1010 1582 77 25 Suppl.
1109 1582 5 19 i
1136 1582 56 19 Just.
1213 1580 59 20 utsk.
1298 1576 34 27 (fr.
1350 1580 1 3 |
