1492 1870
134 65 35 19 304

708 71 154 22 Personregister,

159 139 118 24 (Kykkling,
290 140 83 24 Martti,)

192 190 93 27 1904/05
304 192 130 27 fullmäktig
451 194 36 20 för
505 195 128 25 Kymmene
650 195 116 26 domsaga.

162 220 101 21 Elektor.
296 222 53 21 Led.
366 223 6 20 i
391 223 120 21 Statsutsk.
545 224 77 21 Andre
639 225 74 26 suppl.
732 225 35 20 för

161 250 178 23 bondeståndets
360 253 157 21 bankrevisor.

192 279 94 27 1905/06
303 282 131 27 fullmäktig
451 283 37 21 för
505 284 129 26 Kymmene
651 285 115 25 domsaga.

162 309 101 51 Maon.
298 311 53 22 Led.
371 313 6 20 i
398 313 121 21 Statsutsk.
540 314 43 21 och
603 315 6 21 i
630 314 63 21 först.
714 315 52 20 Bev.

161 341 59 20 utsk.

160 396 115 28 Kylmälä,
292 397 71 28 Juho,

161 435 15 20 f.
193 436 63 24 1818,
271 433 15 26 1
303 437 61 20 1899.
395 438 144 21 Rusthällare
555 439 3 20 i
573 439 121 21 Luhanko.

193 465 54 20 1867
263 465 131 28 fullmäktig
407 468 35 20 för
456 468 97 20 Heinola
567 469 116 25 domsaga.
713 469 53 21 Led.

161 494 5 20 i
186 494 71 21 Ensk.
277 496 63 20 Besv.
360 497 59 21 utsk.
455 498 78 26 Suppl.
552 498 6 20 i
577 498 189 26 Grundlagsutsk.

192 523 93 27 1877/78
310 526 132 27 fullmäktig
467 528 35 20 för
528 528 96 21 Heinola
650 529 116 25 domsaga.

161 554 53 20 Led.
231 555 7 20 i
255 555 52 21 Bev.
324 556 60 21 utsk.

158 610 117 28 Kännälä,
293 611 55 23 Erik
364 612 87 28 Johan,

161 649 14 20 f.
194 650 63 24 1848,
274 648 15 25 1
307 652 61 20 1910.
400 652 196 27 Hemmansägare
612 654 6 20 i
634 654 88 26 Sysmä.

192 681 55 20 1885
261 681 131 27 fullmäktig
402 682 36 21 för
450 683 96 21 Heinola
559 684 115 25 domsaga.
687 684 78 26 Suppl.

160 709 5 20 i
183 709 52 21 Bev.
252 711 59 20 utsk.

158 765 87 28 Könni,
263 766 58 23 Otto
338 767 101 26 Edvard,

160 804 14 20 f.
197 805 63 20 1858.
295 806 196 27 Hemmansägare
510 809 5 20 i
535 808 122 27 Seinäjoki.

191 835 56 20 1900
262 835 131 28 fullmäktig
406 837 36 21 för
455 838 80 21 Ilmola
549 839 115 26 domsaga.
687 839 77 26 Suppl.

160 864 5 20 i
182 864 79 21 Järnv.
279 866 58 21 utsk.
355 867 42 20 och
416 867 5 20 i
438 867 63 22 först.
519 869 52 20 Bev.
587 869 59 20 utsk.

158 920 103 28 Laakso,
279 921 87 22 Oskari
383 923 157 27 Aleksander,

159 958 15 21 f.
193 960 64 20 1859.
288 960 145 22 Rusthällare
455 962 1 20 i
471 962 101 21 Nummi.

190 988 93 26 1904/05
298 990 131 27 fullmäktig
442 992 36 20 för
491 992 58 26 Lojo
561 993 115 25 domsaga.
698 993 65 21 Elek-

159 1020 124 25 torssuppl.
311 1020 78 26 Suppl.
403 1022 42 20 och
462 1019 35 26 (fr.
512 1023 25 19 14
551 1022 56 21 febr.
622 1020 63 28 1905)
702 1024 42 20 led.
758 1023 6 20 i

159 1048 55 26 Lag-
231 1050 44 20 och
291 1050 74 21 Ekon.
382 1052 59 20 utsk.

158 1078 5 13 T

156 1089 77 46 Laari,
251 1101 73 36 Antti,

159 1143 14 20 f.
192 1144 63 24 1839,
272 1142 15 25 f
305 1146 62 20 1912.
399 1146 79 21 Bonde
493 1147 7 20 i
517 1147 143 26 Savitaipale.

190 1172 93 26 1877/78
305 1174 131 28 fullmäktig
458 1176 35 21 för
514 1177 112 26 Lappvesi
647 1178 116 26 domsaga.

158 1203 52 20 Led.
230 1204 6 20 i
254 1204 177 22 bondeständets
450 1206 70 21 Ensk.
539 1207 64 21 Besv.
621 1207 60 21 utsk.

156 1258 111 28 Labbart,
285 1260 102 24 Richard
405 1262 109 27 Mauritz,

157 1297 15 21 f.
193 1299 64 19 1863.
291 1299 168 23 Bankdirektör
477 1301 6 21 i
501 1301 133 21 Jakobstad.

188 1326 93 28 1904/05
297 1329 132 27 fullmäktig
443 1331 36 21 för
493 1332 133 20 Jakobstad.

155 1389 89 27 Ladau,
262 1390 83 29 Georg
360 1392 111 27 Kasimir,

157 1428 14 20 f.
200 1429 64 24 1843,
291 1427 15 25 T
334 1431 63 20 1914.
431 1429 68 24 Äldre
524 1433 239 20 kommissionslandt-

157 1459 88 21 mätare
258 1459 6 21 i
277 1455 49 25 Åbo
339 1461 43 20 och
395 1461 152 27 Björneborgs
560 1463 44 20 län.
626 1463 136 21 Länelandt-

156 1489 89 20 mätare
262 1489 6 20 i
285 1490 30 20 St.
333 1490 82 22 Michel
435 1492 62 20 1895.
529 1492 159 21 Kammarräd.

188 1519 55 19 1882
260 1519 6 20 i
283 1519 160 28 ridderskapet
459 1522 42 20 och
517 1522 74 20 adeln.

154 1579 89 27 Ladau,
263 1580 85 23 Gustaf
365 1582 118 28 Wilhelm,

156 1618 14 20 f.
190 1619 63 24 1765,
271 1616 14 26 t
305 1621 62 20 1833.
400 1622 109 26 Adjutant
525 1623 43 21 hos
584 1623 178 21 öfverbefälhaf-

155 1654 69 14 varen
238 1650 90 24 general
341 1650 97 22 Armfelt
454 1653 61 20 1788.
544 1652 105 26 Delaktig
661 1653 6 21 i
680 1653 82 26 Anjala

156 1677 124 22 förbundet
296 1686 88 14 samma
400 1681 33 24 är;
451 1682 69 21 dömd
537 1683 56 20 1789
607 1682 51 21 från
675 1682 32 25 lif,
722 1684 40 19 ära

154 1707 43 20 och
214 1708 63 25 gods.
311 1709 108 23 Direktor
435 1711 36 21 för
487 1712 90 26 general
595 1712 167 21 Buxhoevdens

798 143 85 24 (Ladau,
896 143 72 18 Gustaf
980 142 106 24 Wilhelm,)

802 195 74 20 kansli
888 195 7 20 i
907 195 99 20 Finland
1019 195 43 20 och
1075 194 184 26 kollegiassessor
1275 195 61 20 1808.
1364 194 40 21 Re-

802 225 135 20 habiliterad
951 224 60 21 finsk
1026 225 117 20 adelsman
1159 225 62 20 1809.
1249 224 156 21 Postdirektör

802 255 5 20 i
822 254 98 21 Finland
937 255 61 24 1811,
1014 254 69 21 äfven
1098 255 99 20 ledamot
1213 254 5 20 i
1234 254 170 26 regeringskon-
1421 282 1 5 |

801 284 71 26 seljen
891 285 61 20 1812.
985 284 101 26 Verkligt
1104 284 99 21 statsräd
1221 285 62 20 1822.

833 315 55 20 1809
904 314 6 20 i
927 314 156 26 ridderskapet
1099 315 43 20 och
1157 315 73 20 adeln.

799 370 87 27 Ladau,
904 370 52 23 Karl
974 370 110 27 (Kaarlo)
1096 370 59 23 Otto
1166 370 117 24 Reinhold
1301 370 104 27 (Reino),

801 409 15 21 f.
836 410 62 20 1880.
931 409 124 21 Kontorist.
1087 409 140 21 Affärsman.

832 438 92 27 1905/06
940 439 6 21 i
963 439 158 26 ridderskapet
1139 440 42 20 och
1199 440 72 20 adeln.

800 484 145 28 Lagerborg,
962 484 137 22 Alexander
1116 484 119 26 Wilhelm,

802 523 14 20 f.
831 524 62 23 1838,
907 520 15 25 T
937 523 61 21 1905.
1027 522 110 26 Löjtnant
1149 522 37 21 vid
1200 523 50 25 väg-
1263 523 43 21 och
1319 524 84 19 vatten-

801 552 293 21 kommunikationskären.
1118 548 12 36 —
1136 552 163 27 Stabskaptens
1325 552 79 21 afsked

803 584 61 19 1866.

832 613 54 20 1867
899 612 6 21 i
917 612 159 26 ridderskapet
1087 613 42 20 och
1142 612 65 21 adeln
1223 610 44 27 (för
1279 612 52 21 frih.
1343 613 60 20 ätten

800 640 136 28 Lybecker).

832 673 55 20 1872
898 672 6 21 i
916 672 158 27 ridderskapet
1086 673 42 20 och
1141 673 66 20 adeln
1223 670 44 27 (för
1279 672 52 21 frih.
1343 673 60 20 ätten

800 699 143 29 Lybecker.).
966 703 93 20 Elektor
1077 700 35 26 (fr.
1127 703 13 20 6
1153 700 68 29 juni).
1243 703 53 20 Led.
1310 703 7 20 i
1331 703 72 20 Ekon.

800 733 59 20 utsk.
882 729 36 28 (fr.
938 733 12 20 8
969 730 71 29 juni);
1060 734 6 20 i
1086 732 137 24 Bankutsk.;
1242 733 6 20 i
1268 733 64 20 först.
1352 733 51 20 Bev.

800 762 59 21 utsk.
874 763 43 20 och
930 764 33 19 tre
976 762 84 26 gänger
1074 763 5 20 i
1094 763 63 20 först.
1173 763 121 20 Statsutsk.
1323 762 81 26 Tredje

800 793 74 25 suppl.
900 792 37 21 för
963 792 169 27 ridderskapets
1159 793 42 20 och
1229 793 77 20 adelns
1332 792 71 21 bank-

800 822 92 21 revisor.

831 850 92 27 1877/78
941 852 6 20 i
965 852 157 26 ridderskapet
1140 853 43 20 och
1201 853 66 20 adeln
1289 849 44 27 (för
1351 852 52 20 frih.

800 882 59 20 ätten
879 879 135 28 Lybecker).
1049 882 100 21 Elektor.
1183 882 52 21 Led.
1254 882 6 20 i
1277 881 126 21 Bankutsk.

800 912 78 25 Suppl.
895 912 42 20 och
956 909 35 27 (fr.
1010 913 26 20 19
1050 912 46 20 dec.
1114 909 65 27 1877)
1197 912 42 20 led.
1255 912 6 20 i
1276 912 52 20 Bev.
1344 911 59 21 utsk.

801 941 52 21 Led.
871 941 6 20 i
896 941 64 21 först.
979 942 56 25 Lag-
1054 942 42 20 och
1114 942 75 20 Ekon.
1208 942 59 20 utsk.
1301 942 78 26 Suppl.
1398 941 6 20 i

801 971 62 20 först.
878 971 108 25 Lagutsk.

831 1001 55 20 1882
898 1001 6 20 i
917 1000 157 26 ridderskapet
1086 1001 43 21 och
1141 1001 66 21 adeln
1223 998 45 27 (för
1279 1001 52 20 frih.
1343 1002 59 19 ätten

800 1028 135 28 Lybecker).
968 1030 78 27 Suppl.
1068 1028 35 27 (fr.
1121 1032 26 19 21
1167 1028 56 29 apr.)
1244 1031 43 20 och
1305 1031 41 20 led.
1368 1028 35 27 (fr.

800 1061 27 19 26
845 1057 55 29 maj)
922 1062 6 20 i
946 1060 78 21 Järnv.
1042 1061 59 20 utsk.

831 1090 55 20 1885
899 1090 6 20 i
918 1090 158 26 ridderskapet
1089 1091 43 20 och
1145 1090 74 21 adeln.
1241 1091 78 25 Suppl.
1332 1090 6 21 i
1351 1091 52 20 Bev.

799 1120 59 20 utsk.
878 1117 40 27 (till
943 1121 13 20 9
980 1118 76 26 febr).
1088 1120 53 21 Led.
1166 1120 6 20 i
1196 1120 63 21 först.
1283 1120 120 21 Statsutsk.

799 1149 177 27 Ridderskapets
991 1150 43 20 och
1050 1150 77 21 adelns
1143 1150 74 26 suppl.
1233 1150 5 20 i
1253 1150 150 20 Ständerhus-

799 1179 156 25 delegationen
974 1177 36 27 (fr.
1029 1181 25 19 21
1072 1186 61 14 mars
1153 1177 74 26 1888).

830 1210 55 20 1888
912 1209 6 20 i
943 1209 158 27 ridderskapet
1127 1210 43 20 och
1196 1210 73 20 adeln.
1304 1210 99 20 Elektor.

799 1239 78 25 Suppl.
896 1239 6 20 i
920 1239 121 21 Statsutsk.

830 1269 51 20 1891
911 1269 5 20 i
943 1269 157 26 ridderskapet
1127 1270 42 20 och
1196 1270 73 20 adeln.
1304 1270 99 20 Elektor.

800 1299 52 19 Led.
866 1298 6 20 i
887 1298 63 21 först.
965 1299 52 20 Bev.
1032 1299 60 21 utsk.

829 1328 55 20 1894
910 1328 5 20 i
940 1328 158 26 ridderskapet
1122 1329 44 20 och
1191 1329 72 20 adeln.
1304 1329 99 21 Elektor.

798 1358 79 26 Suppl.
892 1358 7 20 i
915 1358 121 21 Statsutsk.
1067 1359 53 20 Led.
1136 1358 7 21 i
1159 1358 63 21 först.
1237 1359 108 25 Lagutsk.

829 1388 55 20 1897
911 1388 5 19 i
943 1388 159 25 ridderskapet
1127 1388 43 21 och
1196 1389 73 20 adeln.
1303 1388 100 21 Elektor.

799 1417 52 20 Led.
870 1417 5 20 i
896 1417 62 20 först.
978 1417 121 21 Statsutsk.

829 1447 56 20 1899
901 1447 6 20 i
922 1447 158 26 ridderskapet
1095 1448 44 20 och
1156 1448 73 20 adeln.
1260 1447 100 21 Elektor.

796 1497 146 29 Lagerborg,
960 1498 54 22 Carl
1032 1498 115 28 Hjalmar,

798 1536 14 20 f.
834 1537 62 24 1842,
916 1534 14 25 T
952 1538 62 20 1910.
1050 1537 161 26 Baningeniör.

797 1566 101 20 direktör
916 1568 152 20 1887—1903.

828 1594 93 27 1877/78
939 1596 6 20 i
962 1596 158 26 ridderskapet
1139 1598 43 19 och
1201 1598 66 20 adeln
1288 1594 44 27 (för
1350 1597 52 21 frih.

797 1626 62 20 ätten
870 1626 171 24 Langenskiöld
1052 1626 27 20 fr.
1091 1626 83 26 början
1186 1627 24 20 af
1220 1627 95 20 oktober
1329 1624 73 27 1877).

797 1655 79 25 Suppl.
890 1655 6 20 i
911 1655 78 21 Järnv.
1005 1656 59 20 utsk.
1084 1653 35 27 (fr.
1135 1657 14 19 9
1163 1656 46 20 okt.
1227 1654 74 26 1877).

828 1686 55 19 1885
896 1685 6 20 i
914 1685 158 26 ridderskapet
1083 1686 44 20 och
1139 1686 66 20 adeln
1221 1683 44 27 (för
1277 1686 52 21 frih.
1342 1687 60 20 ätten

798 1712 134 28 Lybecker).

1246 1538 157 26 Generalpost-
