1492 1867
123 70 35 18 218

696 72 155 22 Personregister.

146 142 105 23 (Aminoff,
264 143 86 18 Torsten
363 143 81 23 Johan,)

180 195 54 20 1891
262 194 6 21 i
294 194 159 28 ridderskapet
478 196 43 20 och
546 196 74 20 adeln.
654 195 100 21 Elektor.

149 224 79 26 Suppl.
240 224 7 21 i
257 224 57 27 Exp.
326 225 60 20 utsk.
401 222 43 27 (till
454 226 28 19 24
492 222 81 28 mars).
592 225 77 21 Andre
680 226 73 25 suppl.

148 253 36 21 för
198 254 172 27 ridderskapets
386 255 43 20 och
444 255 80 21 adelns
538 255 157 21 bankrevisor.

179 285 56 20 1894
260 284 8 20 i
290 284 158 27 ridderskapet
473 285 43 21 och
540 286 73 20 adeln.
653 285 100 20 Elektor.

148 314 77 21 Andre
250 315 74 26 suppi.
350 315 37 20 för
411 315 170 27 ridderskapets
607 316 43 20 och
676 315 79 21 adelns

148 344 158 21 bankrevisor.

179 374 55 21 1897
260 374 7 21 i
291 375 159 26 ridderskapet
473 376 43 20 och
540 376 73 20 adeln.
653 375 100 21 Elektor.

148 403 65 21 Ordf.
231 404 3 20 i
247 404 202 22 Kommunalutsk.
478 405 81 22 Förste
570 405 75 27 suppl.
659 405 37 21 för
708 405 44 20 rid-

148 434 134 26 derskapets
297 435 43 20 och
356 435 78 21 adelns
450 435 157 21 bankrevisor.

145 507 48 18 von
212 503 139 28 Ammondt,
369 505 94 22 Edvard
480 505 126 27 Reinhold,

147 541 15 20 f.
181 542 62 25 1832,
260 539 14 26 1
292 543 62 21 1887.
385 544 91 26 Kapten
490 544 36 21 vid
543 545 77 20 finska
636 545 116 26 lifgardes-

147 572 140 26 bataljonen,
300 573 182 27 flygeladjutant.
510 575 177 26 Generalmajor.
708 575 43 20 Gu-

148 603 82 20 vernör
244 602 7 21 i
265 603 142 21 Tavastehus
422 605 40 20 län
475 605 62 20 1875.

178 630 93 27 1863/64
285 633 7 20 i
307 633 157 27 ridderskapet
480 635 43 20 och
538 635 73 20 adeln.

178 659 93 28 1877/78
285 662 7 21 i
306 663 158 27 ridderskapet
479 665 42 19 och
536 665 74 20 adeln.

143 723 110 28 Andelin,
271 725 142 27 Alexander,

146 762 14 21 f.
180 763 62 25 1836,
259 761 15 25 T
293 764 61 21 1890.
386 765 182 27 Jurisutriusque
585 766 117 25 kandidat,
719 772 31 14 se-

145 793 48 20 dan
205 793 90 21 doktor.

177 823 56 20 1872
251 824 87 21 notarie
357 825 7 20 i
381 825 172 21 bondeståndet.

119 900 2 16 |
142 884 110 28 Andelin,
270 886 55 22 Erik
342 887 88 28 Johan,

145 923 15 21 f.
183 924 63 24 1804,
268 922 14 26 T
305 926 62 20 1893.
404 926 151 26 Kyrkoherde
574 928 6 20 i
601 927 148 27 Tohmajärvi

146 954 62 24 1841,
222 954 193 28 kontraktsprost.
444 957 106 26 Teologie
562 958 89 20 doktor.

175 984 55 20 1867
245 985 52 21 vald
310 985 24 21 af
346 986 91 26 Kuopio
449 986 59 21 stifts
520 988 154 25 prästerskap.
695 988 53 20 Led.

118 1027 2 16 '
144 1013 6 19 I
167 1013 109 26 Lagutsk.
291 1016 45 20 och
351 1016 7 20 i
374 1016 70 21 Ensk.
461 1016 63 21 Besv.
541 1017 59 21 utsk.

175 1042 93 27 1877/78
288 1045 51 20 vald
360 1045 24 21 af
403 1046 91 26 Kuopio
514 1046 60 21 stifts
594 1047 154 26 prästerskap.

143 1072 101 22 Elektor.
274 1074 52 20 Led.
342 1075 6 20 i
363 1075 74 21 Ekon.
451 1076 60 20 utsk.
526 1078 59 18 samt
599 1076 7 20 i
622 1076 68 21 Stats-
706 1076 42 21 och

143 1102 73 20 Ekon.
233 1104 60 20 utsk.
324 1104 53 20 Led.
393 1105 6 20 i
415 1105 110 21 förstärkt
541 1106 120 20 Statsutsk.

140 1164 127 27 Andersin,
285 1165 60 22 Emil
362 1166 108 28 Frithiof,

143 1202 14 21 f.
172 1204 62 23 1843,
248 1201 14 26 T
276 1205 62 20 1906.
366 1205 138 22 Auskultant
516 1207 7 20 i
535 1207 106 26 Wiborgs
654 1207 93 24 hofrätt,

141 1233 234 28 vicehäradshöfding
393 1236 62 20 1868.
487 1236 161 26 Borgmästare
663 1237 8 20 i
687 1237 60 20 Kuo-

141 1263 38 25 pio
204 1264 65 24 1879;
292 1265 182 27 häradshöfding
496 1266 7 20 i
526 1267 91 26 Kuopio
638 1267 110 25 domsaga

143 1293 146 21 1883—1890
312 1295 43 20 och
379 1295 7 20 i
410 1295 94 21 Libelits
527 1297 109 25 domsaga
663 1297 85 20 1890—

143 1323 62 20 1900.
235 1323 109 26 Lagman.
375 1319 83 37 Senator
475 1326 13 20 i
502 1325 244 27 justitiedepartemen-

141 1354 31 18 tet
190 1353 152 22 1900—1905.

173 1383 55 20 1867
242 1384 88 21 notarie
343 1385 8 20 i
363 1385 173 21 bondeständet.

172 1412 56 21 1872
252 1413 131 27 fullmäktig
406 1415 36 20 för
464 1415 141 20 Rantasalmi
628 1417 117 24 domsaga.

141 1441 53 21 Led.
213 1441 4 21 i
234 1442 108 27 Lagutsk.
374 1444 53 21 Led.
442 1444 7 21 i
464 1445 56 25 Lag-
537 1445 42 20 och
595 1445 74 20 Ekon.
686 1445 59 20 utsk.

140 1472 44 19 och
199 1471 7 20 i
222 1471 71 22 Ensk.
310 1473 63 21 Besv.
390 1474 60 21 utsk.
481 1475 53 20 Led.
541 1467 13 38 i
573 1476 33 19 tre
621 1475 125 20 förstärkta

140 1501 123 22 Statsutsk.

172 1531 56 20 1882
250 1532 131 27 fullmäktig
402 1534 35 20 för
459 1535 89 25 Kuopio
569 1535 56 20 stad.
663 1535 53 20 Led.
738 1535 6 20 i

140 1560 74 21 Ekon.
230 1561 60 21 utsk.

172 1591 55 20 1885
249 1591 131 27 fullmäktig
401 1593 36 20 för
459 1594 90 25 Kuopio
569 1595 56 20 stad.
663 1594 53 21 Led.
738 1594 6 19 i

139 1619 75 21 Ekon.
228 1621 61 20 utsk.

170 1650 56 20 1888
244 1650 131 27 fullmäktig
392 1652 36 20 för
446 1652 89 26 Kuopio
553 1653 56 20 stad.
643 1653 100 20 Elektor.

139 1678 53 21 Led.
206 1678 7 21 i
227 1679 182 27 Strafflagsutsk.
424 1682 41 20 och
480 1682 6 20 i
499 1682 187 26 borgarständets
699 1683 45 20 sär-

138 1708 75 20 skilda
226 1710 94 20 utskott.

787 143 114 24 (Andersin,
915 143 49 18 Emil
979 143 98 23 Frithiof,)

820 196 54 20 1891
888 194 178 22 bondeständets
1079 195 146 21 sekreterare.

820 225 55 20 1899
892 224 132 26 fullmäktig
1040 224 35 21 för
1091 225 102 20 Joensuu
1211 226 56 19 stad.
1292 225 99 20 Elektor.

788 254 53 20 Led.
856 253 7 21 i
877 254 58 20 Just.
949 254 60 20 utsk.

819 284 56 21 1900
889 283 132 26 fullmäktig
1035 284 36 20 för
1087 284 100 20 Joensuu
1205 285 56 19 stad.
1293 284 98 20 Elektor.

789 313 52 21 Led.
855 313 6 20 i
874 313 56 26 Lag-
943 314 44 20 och
999 313 74 21 Ekon.
1086 313 59 21 utsk.

785 375 148 28 Andersson,
949 377 59 21 Axel
1025 376 78 27 Evert,

788 415 15 20 f.
824 415 61 21 1861.
920 415 161 26 Borgmästare
1097 415 7 20 i
1123 415 98 21 Heinola
1241 416 150 20 1891—1901.

788 445 123 20 Sakförare
926 445 7 20 i
948 445 163 21 Tammerfors.
1143 445 105 21 Assessor
1268 446 2 20 i
1286 445 107 26 Wiborgs

788 475 86 21 hofrätt
891 475 150 21 1910—1913.

818 505 56 20 1894
890 505 132 26 fullmäktig
1036 505 35 20 för
1089 505 96 20 Heinola
1201 505 56 20 stad.

787 541 50 14 rare
851 534 8 21 i
873 535 73 20 Ekon.
962 535 59 20 utsk.

1291 505 100 20 Sekrete-

784 596 115 27 Andsten,
915 597 80 22 Oskar
1012 597 118 27 Wilhelm,

787 635 14 21 f.
815 636 62 20 1847.
905 635 132 27 Sjökapten,
1051 636 157 26 hamnkapten
1221 636 7 21 i
1241 636 150 26 Helsingfors.

817 667 56 20 1888
895 665 133 26 fullmäktig
1050 666 35 21 för
1107 666 152 21 Mariehamn.
1290 665 100 27 Suppi.
1375 661 19 35 i

786 695 111 21 förstärkt
911 695 121 21 Statsutsk.

817 726 54 20 1891
887 725 132 26 fullmäktig
1032 726 36 20 för
1082 725 151 21 Mariehamn.
1256 726 53 20 Led.
1324 726 7 20 i
1345 725 44 21 för-

785 755 74 20 stärkt
872 755 53 20 Bev.
939 755 60 20 utsk.

817 785 55 20 1894
892 784 132 26 fullmäktig
1043 785 35 20 för
1098 784 151 21 Mariehamn.
1285 785 77 26 Suppi.
1384 785 5 19 i

785 814 67 20 Allm.
867 814 64 20 Besv.
945 814 60 21 utsk.

817 845 54 19 1897
897 844 132 26 fullmäktig
1055 844 36 20 för
1117 844 150 20 Mariehamn.
1303 844 53 20 Led.
1384 844 5 19 i

785 874 66 20 Allm.
867 874 48 20 Pet.
931 874 60 20 utsk.

816 904 56 20 1899
888 904 132 25 fullmäktig
1036 904 36 20 för
1089 904 151 20 Mariehamn.

816 931 91 28 1904/05
923 933 132 26 fullmäktig
1068 933 37 21 för
1119 934 82 20 staden
1213 934 66 20 Vasa.
1310 934 77 25 Suppl.

784 962 66 21 Allm.
865 963 64 20 Besv.
944 963 59 20 utsk.
1019 964 42 20 och
1075 963 7 20 i
1096 963 110 21 förstärkt
1220 963 52 20 Bev.
1287 963 60 20 utsk.

780 1031 85 26 Ansas,
883 1031 138 29 (Husberg),
1038 1032 74 22 Frans
1128 1031 97 27 Ossian,

783 1070 15 20 f.
813 1070 62 24 1856,
890 1068 14 24 T
920 1070 62 20 1916.
1011 1070 220 26 Tidningsredaktör
1245 1071 7 20 i
1264 1071 67 20 Vasa.

813 1098 92 28 1904/05
917 1100 132 26 fullmäktig
1061 1100 36 21 för
1109 1101 80 20 staden
1203 1101 66 20 Vasa.
1291 1101 77 26 Suppl.
1382 1101 5 19 i

783 1130 78 20 Järnv.
873 1130 60 20 utsk.
949 1127 36 27 (fr.
999 1130 25 20 10
1035 1130 102 20 februari
1151 1127 74 27 1905).

814 1158 91 27 1904/05
919 1159 131 26 fullmäktig
1062 1160 36 19 för
1111 1160 79 19 staden
1203 1160 66 20 Vasa.
1290 1160 77 25 Suppl.
1381 1160 6 19 i

783 1188 109 21 förstärkt
908 1188 52 21 Bev.
976 1189 59 20 utsk.

779 1257 87 26 Antell,
883 1257 58 22 Axel
959 1257 96 26 Henrik,

781 1296 16 21 f.
812 1297 62 24 1853,
888 1294 15 25 1
919 1297 62 20 1908.
1009 1297 109 20 Filosofie
1131 1297 114 26 magister.
1272 1297 115 21 Redaktör
1403 1315 2 8 |

781 1326 37 21 för
831 1327 111 20 Finlands
956 1326 123 21 Allmänna
1093 1327 106 26 Tidning.
1230 1326 107 21 Direktör
1351 1327 36 20 för
1403 1339 2 14 |

781 1356 153 26 fattigvärden
948 1357 7 20 i
968 1357 150 26 Helsingfors.

812 1387 56 20 1882
879 1386 10 20 i
899 1386 158 27 ridderskapet
1070 1387 43 20 och
1127 1387 66 20 adeln
1211 1383 44 28 (för
1267 1387 63 20 ätten
1341 1393 46 14 von
1403 1388 1 8 |

781 1413 125 28 Böningh).
933 1416 54 21 Led.
999 1416 8 21 i
1017 1416 66 20 Allm.
1096 1416 64 21 Besv.
1171 1417 61 20 utsk.
1247 1413 36 28 (fr.
1295 1417 13 20 8
1320 1414 65 29 maj).

780 1446 54 20 Led.
849 1446 7 20 i
872 1446 111 21 förstärkt
997 1446 52 21 Bev.
1065 1446 60 21 utsk.

812 1476 55 20 1885
883 1475 6 21 i
905 1475 158 27 ridderskapet
1080 1476 43 20 och
1139 1476 67 20 adeln
1226 1473 44 27 (för
1286 1477 63 20 ätten
1363 1476 24 20 af
1403 1468 1 20 |

781 1503 99 26 Hellen).

811 1535 56 20 1888
883 1535 7 20 i
905 1535 159 26 ridderskapet
1080 1536 43 20 och
1139 1536 68 20 adeln
1225 1533 46 27 (för
1285 1537 64 19 ätten
1363 1535 24 21 af

780 1562 100 27 Hellen).
914 1565 79 26 Suppl.
1011 1565 6 20 i
1035 1565 57 26 Exp.
1111 1565 60 21 utsk.
1189 1566 44 20 och
1251 1565 6 20 i
1276 1565 109 21 Riddarh.

779 1595 60 20 utsk.
871 1595 79 26 Suppl.
967 1595 7 20 i
989 1595 112 20 förstärkt
1117 1595 122 20 Statsutsk.

811 1625 54 20 1891
882 1625 7 19 i
905 1625 159 25 ridderskapet
1080 1625 43 20 och
1138 1625 67 20 adeln
1225 1623 45 26 (för
1285 1626 62 20 ätten
1363 1625 24 20 af

779 1651 100 27 Hellen).

810 1684 56 20 1894
881 1683 7 21 i
902 1684 158 26 ridderskapet
1075 1684 43 20 och
1133 1684 66 21 adeln
1218 1682 44 26 (för
1275 1685 61 20 ätten
1353 1685 33 19 De

779 1710 74 27 Geer).
883 1713 79 26 Suppl.
977 1714 6 20 i
997 1714 57 26 Exp.
1069 1714 60 20 utsk.
