1489 1867
137 85 34 17 252

708 88 154 22 Personregister.

132 109 44 28 mm
212 109 204 28 —-=—==>—
447 109 109 28 —
566 109 7 28 ——
609 109 22 28 S
685 109 72 28 --!!
783 120 2 10 +
804 109 11 28 !=
818 109 11 28 82»
832 109 2 28 X
839 109 4 28 "
846 109 2 28 2
861 109 5 28 2-
872 109 13 28 ?=-
898 109 3 28 =
907 109 8 28 O
917 109 6 28 "-
930 109 4 28 -
979 109 9 28 Lt
1003 109 141 28 osss—

138 168 1 4 |
161 156 100 24 (Etholén,
274 158 130 22 Alexander,)

138 558 1 4 |
163 560 55 25 gods
234 560 7 20 i
258 560 82 26 Artsjö.

137 1198 1 4 |
162 1195 14 20 f.
201 1197 62 24 1844,
286 1194 14 25 T
324 1198 62 19 1915.

195 209 55 20 1888
265 208 7 21 i
287 209 158 27 ridderskapet
460 211 43 20 och
520 212 72 20 adeln.

163 239 64 20 darh.
243 239 60 20 utsk.

195 269 53 20 1891
267 268 5 21 i
288 269 157 27 ridderskapet
460 271 43 20 och
518 271 74 20 adeln.

161 306 111 28 Etholen,
288 307 72 22 Arvid
377 308 80 28 Adolf,

164 339 15 20 f.
193 341 62 23 1798,
268 338 14 25 1
296 341 61 21 1876.
385 342 175 25 Kontreamiral,
574 343 152 25 possessionat
737 342 30 27 pä

164 369 115 26 Tavastby
294 370 7 21 i
318 371 81 20 Elimä.

195 397 92 28 1863/64
304 400 6 20 i
326 400 158 27 ridderskapet
500 402 43 20 och
560 403 73 20 adeln.

195 429 55 20 1867
267 429 6 20 i
288 429 158 28 ridderskapet
461 431 43 20 och
519 432 73 20 adeln.

195 459 55 20 1872
266 459 6 20 i
287 459 157 27 ridderskapet
460 461 43 20 och
518 461 74 20 adeln.

161 502 47 17 von
226 497 73 26 Etter,
315 498 143 28 Alexander,

164 529 15 21 f.
201 531 63 24 1831,
283 528 15 25 T
320 532 62 20 1902.
418 532 108 25 Statsråd,
547 533 67 25 ägare
633 533 24 20 af
675 533 92 20 Rattula

372 561 156 22 Geheimeräd.

195 590 55 20 1882
266 590 7 20 i
288 591 158 26 ridderskapet
460 592 43 20 och
518 593 73 19 adeln.

195 620 55 20 1885
268 620 6 20 i
292 620 158 27 ridderskapet
468 622 42 20 och
528 622 72 20 adeln.

161 662 48 17 von
226 657 74 26 Etter,
317 658 66 28 Paul,

163 696 16 20 f.
202 697 63 19 1861.
302 694 105 24 Öfverste
427 699 37 20 vid
486 698 203 26 gardesartilleriet.

163 726 357 28 nisterstatssekreterareadjoint
535 728 150 21 1909—1913.

195 754 92 28 1905/06
302 758 7 20 i
323 757 158 27 ridderskapet
496 758 43 20 och
554 758 67 20 adeln
640 755 35 27 (fr.
691 759 26 19 21
733 757 34 21 till

164 786 26 19 27
205 786 48 20 dec.
270 784 73 27 1905).

160 828 48 18 von
225 824 73 28 Etter,
315 825 134 28 Sebastian,

163 862 15 21 f.
197 864 63 24 1828,
278 861 14 25 1
311 865 61 20 1883.
406 864 170 27 Generalmajor
593 865 39 21 vid
648 865 119 26 kejserliga

163 892 79 21 sviten.
274 893 135 27 Godsägare.
442 894 195 27 Generallöjtnant
652 896 43 20 och
711 894 56 22 divi-

163 922 123 22 sionschef.

195 953 55 19 1872
268 953 6 20 i
292 953 158 27 ridderskapet
468 955 42 20 och
528 955 73 20 adeln.

160 990 141 28 Europaus,
318 992 93 22 Anders
427 993 75 27 Josef,

163 1029 14 20 f.
197 1030 63 24 1797,
278 1028 14 25 t
310 1032 62 20 1870.
406 1032 149 26 Kyrkoherde
571 1032 6 20 i
594 1032 100 24 Libelits,
710 1032 57 20 kon-

163 1059 143 26 traktsprost.
338 1061 106 26 Teologie
459 1062 89 20 doktor.

194 1088 92 27 1863/64
305 1090 52 21 vald
378 1091 24 20 af
422 1091 91 26 Kuopio
532 1091 60 21 stifts
613 1091 153 26 prästerskap.

164 1118 52 20 Led.
232 1118 6 20 i
254 1119 55 26 Lag-
326 1120 43 20 och
385 1120 73 21 Ekon.
474 1121 59 20 utsk.

160 1156 126 28 Fabritius,
303 1158 93 28 August
412 1159 87 27 Johan,

423 1197 115 27 Löjtnant.

624 212 53 20 Led.
692 212 7 20 i
715 212 52 20 Rid-

726 698 40 20 Mi-

576 1198 131 21 Kontrollör
728 1197 37 21 vid

136 1247 1 4 |
160 1225 137 26 järnvägens
314 1227 145 20 verstkontor
478 1229 62 22 1873,
556 1227 158 21 föreständare
730 1227 37 21 för

162 1255 167 22 verstkontoret
358 1257 62 24 1889,

164 1285 150 20 1897—1903.

193 1313 91 27 1863/64
302 1316 117 25 stenograf
435 1316 6 20 i
458 1316 158 26 ridderskapet
633 1317 42 20 och
692 1317 73 20 adeln.

193 1345 55 19 1867
264 1345 116 25 stenograf
396 1345 5 20 i
417 1346 157 26 ridderskapet
590 1347 43 20 och
648 1347 73 20 adeln.

193 1374 55 19 1872
262 1375 170 25 stenografchef
445 1375 7 20 i
465 1375 157 26 ridderskapet
636 1376 42 20 och
691 1376 74 20 adeln.

193 1402 93 27 1877/78
312 1405 170 25 stenografchef
508 1405 6 20 i
540 1405 157 26 ridderskapet
723 1405 43 20 och

162 1433 73 20 adeln.

193 1463 55 19 1882
262 1463 171 26 stenografchef
444 1464 7 20 i

193 1492 55 20 1885
262 1493 171 26 stenografchef
444 1493 6 21 i

193 1521 56 20 1888
262 1523 170 25 stenografchef
445 1523 6 20 i

193 1551 54 20 1891
262 1552 170 25 stenografchef
445 1553 6 20 i

192 1581 56 19 1894
262 1581 170 26 stenografchef
445 1582 6 20 i

193 1610 55 20 1897
262 1611 170 25 stenografchef
444 1611 6 20 i

448 1257 35 20 för
509 1257 125 21 statistiska
660 1258 107 20 kontoret

464 1465 158 25 ridderskapet
635 1465 43 20 och
691 1464 74 21 adeln.

464 1494 157 25 ridderskapet
635 1494 43 20 och
691 1494 74 20 adeln.

464 1523 157 26 ridderskapet
635 1524 43 19 och
691 1523 74 20 adeln.

464 1553 158 26 ridderskapet
635 1553 44 20 och
691 1553 74 20 adeln.

464 1582 157 26 ridderskapet
635 1583 42 20 och
691 1582 74 21 adeln.

464 1612 157 25 ridderskapet
635 1612 42 20 och
691 1612 73 20 adeln.

192 1639 56 21 1899
262 1640 170 25 stenografchef
444 1641 7 20 i
464 1641 157 26 ridderskapet
635 1641 43 20 och
691 1641 73 20 adeln.

191 1668 57 20 1900
262 1670 170 25 stenografchef
444 1670 6 20 i
464 1670 158 26 ridderskapet
635 1670 43 20 och
691 1670 73 20 adeln.

191 1696 93 27 1904/05
310 1700 171 25 stenografchef
505 1700 6 20 i
538 1700 157 25 ridderskapet
722 1699 43 20 och

160 1728 74 19 adeln.

799 159 115 24 (Fabritius,
927 160 78 23 August
1017 160 82 24 Johan,)

833 209 92 28 1905/06
951 212 169 25 stenografchef
1146 212 6 20 i
1178 212 157 26 ridderskapet
1361 212 43 20 och

801 241 74 20 adeln.

799 284 127 28 Fabritius,
943 285 71 22 Ernst
1030 285 106 27 Fredrik,

802 323 14 21 f.
834 325 62 24 1842,
913 321 14 26 1
947 325 61 20 1899.
1040 325 128 20 Litteratör.

833 355 54 20 1894
905 354 140 21 sekreterare
1062 355 6 20 i
1087 355 73 20 Ekon.
1179 355 59 20 utsk.

800 398 127 27 Fabritius,
944 398 55 24 Karl
1015 399 80 22 Johan
1111 399 133 28 Benjamin,

802 437 15 20 f.
831 438 62 24 1845,
906 435 15 26 T
935 438 62 20 1889.
1025 438 155 21 Auskultanti
1193 438 105 26 Wiborgs
1311 438 92 21 hofrätt.

802 467 159 26 Borgmästare
974 467 6 20 i
993 467 92 26 Kuopio
1097 468 62 20 1870.
1188 468 216 21 Landssekreterare

804 497 61 24 1879,
881 497 99 26 lagman.

833 527 54 20 1867
904 527 88 20 notarie
1007 528 8 21 i
1029 527 173 21 bondeständet.

833 557 55 20 1872
910 556 132 27 fullmäktig
1062 557 36 20 för
1118 557 91 26 Kuopio
1229 557 57 20 stad.
1323 557 52 20 Led.
1399 556 4 21 i

802 586 70 21 Ensk.
890 586 64 21 Besv.
971 587 60 20 utsk.
1049 587 43 20 och
1110 587 6 20 i
1133 587 57 20 Just.
1209 587 59 20 utsk.
1302 587 78 26 Suppl.
1398 587 7 19 i

802 615 117 26 Lagutsk.;
938 616 3 20 i
957 616 66 21 Allm.
1039 616 64 21 Besv.
1120 617 60 20 utsk.
1200 614 35 27 (fr.
1252 617 27 20 25
1295 623 61 14 mars
1371 616 34 21 till

802 646 12 19 3
833 643 69 28 apr.);
921 645 7 21 i
947 646 55 26 Lag-
1021 646 43 20 och
1083 646 73 21 Ekon.
1175 646 60 21 utsk.
1254 647 43 20 och
1316 646 6 21 i
1340 646 63 21 först.

803 675 120 21 Statsutsk.

833 703 92 27 1877/78
934 704 132 27 fullmäktig
1075 705 36 21 för
1121 705 91 26 Kuopio
1222 706 56 20 stad.
1304 705 100 21 Elektor.

803 734 52 20 Led.
876 734 7 21 i
904 734 107 26 Lagutsk.
1033 735 43 20 och
1097 735 7 20 i
1124 735 57 20 Just.
1202 735 60 21 utsk.
1298 735 78 26 Suppl
1398 735 7 21 i

802 764 77 20 Järnv.
896 764 59 20 utsk.
987 764 54 21 Led.
1057 764 6 20 i
1079 764 63 21 först.
1158 764 53 21 Bev.
1227 764 59 21 utsk.

833 794 55 20 1882
907 794 132 26 fullmäktig
1055 794 35 20 för
1107 794 91 26 Kuopio
1215 794 56 21 stad.
1305 794 99 20 Elektor.

802 823 53 21 Led.
871 823 7 21 i
893 824 56 25 Lag-
965 824 43 20 och
1024 824 73 20 Ekon.
1113 824 60 20 utsk.

833 854 55 19 1885
905 853 132 26 fullmäktig
1054 853 36 21 för
1107 853 91 26 Kuopio
1215 854 56 20 stad.
1304 853 100 21 Elektor.
1421 879 1 9 i

803 882 64 21 Ordf.
884 882 7 21 i
906 882 55 26 Lag-
977 883 43 20 och
1036 883 73 20 Ekon.
1126 883 59 20 utsk.

833 913 56 20 1888
905 912 177 21 bondeståndets
1099 912 144 21 sekreterare.

800 950 79 27 Falck,
897 950 94 28 Gustaf,

802 989 15 21 f.
837 990 62 24 1767,
919 987 14 25 T
953 990 62 20 1811.
1048 989 78 21 Bonde
1143 990 30 26 pä
1190 990 64 20 Husö
1272 990 108 20 hemman
1398 989 7 20 i

802 1015 167 25 Östersundom
983 1019 142 26 predikogäll
1138 1019 24 21 af
1174 1019 71 21 Sibbo
1257 1019 91 21 socken.

834 1049 55 20 1809
899 1049 87 20 ombud
999 1049 35 20 för
1046 1049 72 26 Borgå
1130 1050 115 24 domsaga.
1265 1049 53 20 Led.
1330 1049 6 20 i
1348 1049 56 26 Exp.

803 1078 58 20 utsk.
877 1079 44 20 och
935 1078 8 20 i
957 1078 147 21 Finansutsk.
1123 1076 36 27 (fr.
1178 1080 8 18 1
1203 1078 33 21 till
1252 1080 14 19 9
1280 1076 65 28 maj).

800 1116 79 28 Falck,
896 1117 83 22 Victor
998 1117 91 28 Ludvig
1105 1117 142 27 Alexander,

803 1156 14 19 f.
834 1156 62 24 1852,
911 1153 14 25 T
943 1156 62 20 1908.
1027 1156 219 25 Senatsregistrator.
1268 1156 136 20 Landtränt-
1421 1152 1 10 |

802 1186 99 19 mästare
913 1185 6 20 i
932 1181 48 24 Äbo
995 1186 62 23 1888,
1071 1185 68 21 sedan
1152 1185 7 20 i
1171 1185 101 26 Nylands
1286 1185 44 20 län.
1351 1185 53 20 Uni-

802 1215 195 20 versitetskamrer
1017 1215 62 20 1902.

833 1245 55 20 1888
904 1245 7 19 i
926 1244 158 26 ridderskapet
1099 1245 42 20 och
1158 1244 72 21 adeln.

833 1275 53 20 1891
912 1274 6 20 i
942 1274 158 26 ridderskapet
1124 1274 43 20 och
1190 1274 74 20 adeln.
1296 1274 78 26 Suppl
1398 1273 7 20 i

801 1303 137 24 Bankutsk.;
953 1304 7 19 i
973 1303 56 26 Lag-
1044 1304 43 20 och
1101 1303 73 21 Ekon.
1189 1303 59 21 utsk.
1266 1300 36 27 (fr.
1324 1304 6 20 2
1344 1309 61 14 mars

801 1333 33 20 till
849 1334 25 19 21
892 1331 56 28 apr.)
968 1333 42 20 och
1026 1333 7 20 i
1048 1333 108 21 Riddarh.
1173 1333 59 20 utsk.
1252 1330 37 27 (fr.
1305 1334 26 19 21
1348 1333 56 20 febr.

802 1363 32 20 till
849 1364 26 19 21
891 1361 67 28 apr.).

833 1393 55 20 1894
904 1394 7 20 i
926 1393 158 26 ridderskapet
1099 1393 43 20 och
1158 1393 73 20 adeln.
1261 1393 53 20 Led.
1331 1393 6 20 i
1353 1392 51 21 Rid-

801 1423 64 20 darh.
878 1422 60 21 utsk.
951 1423 78 25 Suppl.
1043 1422 5 21 i
1061 1422 126 21 Bankutsk.
1200 1423 43 20 och
1255 1422 7 20 i
1274 1422 130 21 Hästutskr.

801 1452 59 20 utsk.

833 1482 54 20 1897
901 1481 6 20 i
919 1481 158 26 ridderskapet
1089 1482 43 19 och
1144 1481 73 20 adeln.
1244 1481 54 20 Led.
1311 1481 6 20 i
1330 1481 74 20 Bank-

801 1511 59 20 utsk.

832 1541 56 20 1899
905 1540 7 21 i
929 1541 158 25 ridderskapet
1105 1541 42 20 och
1165 1540 73 21 adeln.

832 1568 91 27 1904/05
941 1570 6 20 i
963 1570 157 25 ridderskapet
1137 1570 43 20 och
1197 1570 73 20 adeln.

832 1598 93 27 1905/06
940 1599 7 20 i
963 1599 158 26 ridderskapet
1138 1599 42 21 och
1198 1599 73 20 adeln.

798 1638 111 26 Favorin,
927 1637 84 22 Viktor
1027 1637 120 26 Wilhelm,

801 1670 14 20 f.
831 1671 62 20 1841.
922 1670 131 21 Amanuens
1067 1670 39 20 vid
1117 1666 50 24 Äbo
1179 1669 148 26 domkapitel,
1341 1671 63 19 nota-

800 1700 31 20 rie
850 1700 151 20 1873—1875.

832 1730 55 20 1872
903 1729 88 21 notarie
1006 1729 7 20 i
1028 1728 173 26 prästeständet.
