1489 1867
1305 78 35 18 265

622 81 154 23 Personregister.

77 153 130 24 (Grotenfelt,
219 153 74 19 Berndt
306 152 79 24 Julius,)
715 152 128 24 (Grotenfelt,
856 152 99 23 Kustavi,)

111 206 57 20 1888
190 205 8 20 i
221 204 157 27 ridderskapet
400 205 46 20 och
468 205 67 20 adeln
554 202 45 27 (för
623 205 61 20 ätten
749 202 91 28 1904/05
859 204 53 20 vald
931 204 24 20 af
973 203 162 21 universitetet.
1170 203 53 21 Led.
1242 202 8 21 i
1268 202 53 20 Bev.

81 232 203 29 Glansenstjerna).
317 235 53 20 Led.
388 234 6 21 i
412 234 182 26 Strafflagsutsk.

112 266 55 20 1894
191 265 7 20 i
221 264 157 26 ridderskapet
401 264 44 21 och
469 265 67 20 adeln
556 262 44 27 (för
623 265 62 19 ätten

81 292 203 28 Glansenstjerna).
315 294 54 21 Led.
385 296 7 20 i
408 294 108 26 Lagutsk.
548 294 78 26 Suppl.
642 294 42 20 och

85 322 35 27 (fr.
140 325 25 20 16
182 324 33 21 till
233 325 27 20 25
278 321 55 29 maj)
353 324 43 21 led.
413 324 8 20 i
438 325 58 20 Just.
513 324 61 21 utsk.
606 324 54 20 Led.
678 324 6 20 i

82 354 63 21 först.
163 354 120 21 Statsutsk.

113 385 54 20 1897
192 384 7 20 i
222 384 158 26 ridderskapet
402 384 44 20 och
470 384 66 20 adeln
556 381 45 27 (för
624 384 61 20 ätten

82 411 163 29 Wärnhjelm).
277 414 100 20 Elektor.
409 414 54 20 Led.
478 414 8 20 i
502 414 108 26 Lagutsk.

113 444 56 21 1899
192 444 7 20 i
222 444 158 26 ridderskapet
403 444 44 20 och
470 444 67 20 adeln
556 441 45 27 (för
624 444 61 20 ätten

82 471 171 29 Lagermarck).
274 474 100 21 Elektor.
394 473 192 27 Led.
461 467 13 38 i
486 473 100 27 Lagutsk.
607 474 78 26 Suppl.

83 504 6 20 i
104 504 57 21 Just.
178 504 58 21 utsk.

114 534 55 21 1900
192 533 7 21 i
221 533 159 27 ridderskapet
403 534 43 21 och
470 534 67 21 adeln
557 531 44 27 (för
624 535 61 19 ätten

82 561 117 29 Pipping).
231 564 100 21 Elektor.
364 564 53 21 Led.
435 565 8 20 i
459 564 108 25 Lagutsk.
586 564 43 20 och
650 561 35 27 (fr.

83 595 27 19 25
127 591 55 28 maj)
204 593 6 21 i
227 594 57 20 Just.
302 594 60 20 utsk.
395 593 84 27 Fjärde
496 594 74 25 suppl.
589 594 37 20 för
642 593 43 21 rid-

83 623 134 26 derskapets
234 624 42 20 och
295 624 78 20 adelns
391 623 203 26 bankfullmäktig.

115 652 91 27 1904/05
222 653 7 21 i
245 653 157 26 ridderskapet
419 654 43 20 och
479 654 67 20 adeln
565 651 44 26 (för
626 654 59 20 ätten

83 680 163 29 Wärnhjelm).
270 683 78 26 Suppl.
364 683 8 21 i
386 683 176 21 Talmanskonf.
586 683 100 20 Elektor.

84 713 53 20 Led.
153 713 7 20 i
177 713 75 20 Särsk.
270 713 64 21 Besv.
352 713 59 21 utsk.
443 713 65 20 Ordf.
525 713 7 20 i
550 713 136 26 Grundlags-

84 743 59 20 utsk.
172 743 78 26 Suppl.
263 743 43 20 och
322 740 36 27 (fr.
372 744 25 19 15
411 749 48 20 apr.
474 741 64 27 1905)
554 743 42 20 led.
610 743 8 20 i
630 743 56 26 Exp.

85 773 58 20 utsk.
155 773 76 20 Andre
242 773 74 26 suppl.
328 773 36 21 för
374 773 171 26 ridderskapets
554 773 43 20 och
610 773 77 20 adelns

84 802 201 27 bankfullmäktig.

116 831 92 27 1905/06
224 833 7 20 i
247 832 157 27 ridderskapet
420 833 43 20 och
480 833 67 20 adeln
566 829 45 28 (för
627 833 62 20 ätten

86 868 43 14 von
145 859 138 26 Frenckell).

83 907 141 27 Grotenfelt,
242 907 54 24 Karl
314 907 85 22 Gustaf
414 907 132 28 Johannes,

86 946 15 21 f.
115 947 62 20 1855.
197 946 109 21 Filosofie
316 946 89 25 doktor,
417 946 271 27 mejeriskoleinspektör.

85 976 119 21 Professor
220 976 37 21 vid
274 976 155 21 universitetet
448 977 62 20 1901.

117 1007 54 20 1891
196 1005 7 21 i
226 1006 157 26 ridderskapet
406 1006 44 21 och
474 1006 68 21 adeln
560 1003 45 27 (för
628 1007 61 19 ätten

86 1033 128 28 Roediger).
244 1036 53 20 Led.
312 1036 7 20 i
334 1035 66 21 Allm.
417 1036 64 20 Besv.
496 1036 60 21 utsk.
588 1036 78 26 Suppl.
683 1035 6 20 i

87 1065 63 21 först.
166 1065 52 21 Bev.
234 1065 60 21 utsk.

118 1093 91 28 1904/05
225 1095 7 20 i
248 1095 158 26 ridderskapet
422 1096 44 20 och
482 1095 67 21 adeln
568 1093 45 27 (för
629 1096 60 19 ätten

87 1122 153 28 Ridderstad).
277 1125 53 21 Led.
351 1125 7 21 i
378 1125 78 21 Järnv.
478 1125 60 21 utsk.
561 1126 43 20 och
626 1125 63 21 först.

87 1155 52 20 Bev.
156 1155 60 20 utsk.

118 1183 93 27 1905/06
226 1185 7 20 i
249 1185 157 26 ridderskapet
422 1185 43 20 och
482 1185 67 20 adeln
569 1182 44 26 (för
629 1185 61 20 ätten

87 1221 46 14 von
147 1212 104 27 Becker).
281 1215 54 20 Led.
352 1215 6 20 i
374 1215 78 20 Järnv.
469 1215 59 20 utsk.

85 1269 142 28 Grotenfelt,
245 1271 105 27 Kustavi,

88 1309 15 20 f.
121 1310 62 20 1861.
215 1309 87 21 Docent
316 1309 7 21 i
338 1309 95 21 nordisk
448 1309 105 24 historia;
570 1316 18 14 e.
604 1316 20 14 o.
640 1315 51 20 pro-

88 1339 79 20 fessor.

119 1369 56 20 1888
198 1369 6 20 i
228 1369 157 26 ridderskapet
409 1369 43 20 och
476 1369 67 21 adeln
563 1366 44 27 (för
630 1369 61 20 ätten

89 1396 163 28 Svinhufvud).

120 1429 53 20 1891
187 1428 6 21 i
204 1428 158 27 ridderskapet
374 1429 42 20 och
428 1429 68 21 adeln
510 1426 44 27 (för
566 1428 53 21 frih.
630 1429 61 20 ätten

88 1456 138 27 Tandefelt).

120 1488 55 20 1894
187 1488 6 20 i
205 1488 158 26 ridderskapet
374 1488 42 20 och
428 1488 68 21 adeln
510 1485 44 27 (för
566 1488 52 20 frih.
631 1488 61 20 ätten

88 1515 138 27 Tandefelt).

120 1548 55 20 1897
187 1547 7 20 i
206 1547 158 26 ridderskapet
375 1548 42 20 och
429 1548 69 20 adeln
510 1544 44 28 (för
566 1547 53 21 frih.
632 1548 60 20 ätten

89 1574 138 27 Tandefelt).

121 1607 55 20 1899
187 1606 6 20 i
205 1606 158 26 ridderskapet
374 1607 43 20 och
428 1607 67 20 adeln
510 1604 46 27 (för
566 1606 53 21 frih.
632 1607 60 20 ätten

89 1633 138 27 Tandefelt).

121 1665 56 21 1900
188 1665 6 21 i
206 1665 157 26 ridderskapet
376 1666 41 20 och
430 1666 67 20 adeln
512 1663 44 27 (för
568 1666 52 20 frih.
632 1666 61 20 ätten

89 1692 139 28 Tandefelt).
263 1696 77 25 Suppl.
361 1696 44 20 och
428 1692 35 28 (fr.
484 1696 26 20 27
531 1692 70 28 mars)
624 1696 43 21 led.
688 1695 5 20 i

89 1724 53 20 Bev.
159 1724 60 21 utsk.

688 1551 29 201 —————
697 129 16 1152 —.nnnmnn".,.

718 234 59 21 utsk.
797 234 44 21 och
860 234 7 20 i
886 234 57 26 Exp.
963 234 60 20 utsk.
1059 233 78 27 Suppl.
1158 233 6 21 i
1184 232 137 26 Grundlags-

718 264 59 20 utsk.
792 261 36 27 (fr.
842 264 25 20 17
880 264 57 20 febr.
952 260 74 28 1905).
1053 263 183 21 Prästeständets
1247 262 74 26 suppl.

718 294 6 20 i
740 294 261 26 Antells-delegationen.

750 322 91 28 1905/06
860 323 7 21 i
886 323 159 26 ridderskapet
1063 324 43 20 och
1124 323 69 20 adeln
1214 319 45 27 (för
1278 321 43 21 adl.

719 354 60 20 ätten
793 351 139 27 Tandefelt).
961 353 101 21 Elektor.
1091 352 86 21 Ordf.i
1190 352 57 26 Exp.
1262 351 59 21 utsk.

719 383 78 26 Suppl.
816 383 7 21 i
842 383 190 26 Grundlagsutsk.

717 439 142 27 Grotenfelt,
877 439 50 22 Nils
944 439 90 22 Berndt
1049 439 95 27 Armas,

720 479 15 20 f.
755 480 61 20 1851.
849 479 184 25 Jurisutriusgue
1049 478 117 21 kandidat.
1199 476 124 22 Kanslisti

719 509 209 26 industristyrelsen
943 509 62 20 1885.
1033 508 80 21 Förste
1123 507 200 21 kammarförvant

720 539 6 20 i
745 541 104 18 senatens
867 538 211 26 finansexpedition
1097 539 61 20 1888.
1193 537 105 20 Assessor
1316 535 7 21 i

719 569 152 26 tullstyrelsen
883 569 144 20 1900—1902
1038 568 43 21 och
1093 568 151 21 1906—1912.
1255 567 68 20 Kam-

721 598 98 21 marräd.

752 629 54 20 1882
819 628 7 21 i
839 628 158 26 ridderskapet
1010 628 43 21 och
1066 628 66 20 adeln
1148 624 44 28 (för
1205 627 63 20 ätten
1279 631 44 15 von

721 657 79 22 Collan
815 658 28 21 fr.
858 659 28 20 29
900 664 48 20 apr.
963 658 34 20 till
1012 659 27 19 20
1055 657 46 27 maj
1116 657 43 21 och
1173 657 36 20 för
1223 661 55 21 egen
1292 656 32 20 ätt

721 688 27 21 fr.
764 689 27 19 22
806 685 66 29 maj).
903 688 79 26 Suppl
997 687 7 21 i
1019 688 67 20 Allm.
1101 687 64 20 Besv.
1181 687 59 20 utsk.
1260 683 36 27 (fr.
1311 686 13 20 9

721 715 55 29 maj)
795 718 42 21 och
851 718 7 20 i
873 718 52 20 Bev.
941 717 60 21 utsk.
1020 715 36 27 (fr.
1072 718 27 20 26
1115 714 65 29 maj).

753 749 54 20 1885
831 748 7 20 i
861 747 160 26 ridderskapet
1043 748 44 20 och
1111 747 66 21 adeln
1196 744 44 27 (för
1264 746 60 20 ätten

722 775 176 27 Schatelowitz).
929 777 79 26 Suppl.
1024 779 7 20 i
1046 777 55 26 Lag-
1117 777 43 20 och
1175 776 75 21 Ekon.
1264 775 60 21 utsk.

754 809 54 19 1888
820 807 6 21 i
839 807 158 26 ridderskapet
1007 807 45 21 och
1064 807 74 20 adeln.
1164 807 78 26 Suppl.
1255 806 6 20 i
1273 805 51 21 Rid-

723 838 63 20 darh.
801 837 60 21 utsk.

754 868 53 20 1891
832 867 7 20 i
862 867 159 26 ridderskapet
1045 867 43 20 och
1111 867 66 20 adeln
1197 863 45 28 (för
1265 866 61 19 ätten

723 894 153 29 Hedenberg).
911 897 79 26 Suppl.
1010 897 6 20 i
1035 897 56 26 Lag-
1111 897 42 20 och
1173 896 74 21 Ekon.
1266 895 59 20 utsk.

723 927 43 20 och
783 924 35 27 (fr.
833 927 27 20 20
873 924 56 29 maj)
944 927 8 20 i
965 927 58 21 Just.
1036 927 60 20 utsk.
1110 927 54 20 Led.
1175 926 8 21 i
1196 926 64 20 först.
1274 925 52 20 Bev.

723 957 59 20 utsk.

755 987 55 20 1894
834 987 6 20 i
864 986 158 27 ridderskapet
1045 987 43 20 och
1112 986 66 21 adeln
1198 983 44 27 (för
1266 985 60 20 ätten

725 1014 157 27 Sölfverarm).
903 1017 52 20 Led.
968 1017 8 20 i
989 1016 63 21 först.
1066 1016 120 21 Statsutsk.
1200 1015 43 21 och
1256 1015 7 20 i
1275 1015 51 20 Rid-

724 1047 147 20 darhusutsk.
902 1047 78 25 Suppl.
997 1046 8 21 i
1019 1046 55 26 Lag-
1091 1047 42 20 och
1148 1045 74 21 Ekon.
1237 1044 61 21 utsk.

755 1077 54 20 1897
833 1076 8 21 i
864 1076 158 26 ridderskapet
1045 1076 43 21 och
1112 1076 67 20 adeln
1198 1072 44 28 (för
1266 1075 62 20 ätten

725 1103 158 27 Sölfverarm).

756 1136 55 21 1899
834 1136 7 20 i
864 1135 159 27 ridderskapet
1046 1136 43 20 och
1113 1135 67 21 adeln
1199 1132 45 27 (för
1267 1135 61 20 ätten

725 1162 140 29 Örnhjelm).

756 1195 55 21 1900
834 1195 7 21 i
865 1195 159 26 ridderskapet
1047 1195 43 21 och
1114 1195 65 20 adeln
1200 1191 44 28 (för
1266 1194 63 20 ätten

726 1222 157 27 Sölfverarm).
917 1225 53 20 Led.
987 1225 8 20 i
1012 1225 64 20 först.
1094 1225 52 20 Bev.
1163 1225 61 20 utsk.

757 1253 90 27 1904/05
864 1255 6 20 i
887 1255 158 26 ridderskapet
1061 1255 43 20 och
1120 1255 67 20 adeln
1207 1251 44 28 (för
1268 1254 61 19 ätten

726 1281 140 30 Örnhjelm).

757 1313 92 27 1905/06
865 1314 6 21 i
888 1314 158 26 ridderskapet
1062 1315 43 20 och
1122 1314 66 21 adeln
1208 1311 44 27 (för
1269 1313 61 20 ätten

726 1344 139 20 Sölfverarm
882 1344 33 21 till
931 1345 13 20 3
961 1350 48 20 apr.
1026 1345 44 20 och
1087 1344 35 21 för
1139 1343 52 21 frih.
1208 1344 62 20 ätten
1287 1343 42 20 Ro-

726 1371 141 29 senkampf).
897 1374 53 21 Led.
965 1374 7 20 i
987 1374 74 20 Ekon.
1076 1374 60 20 utsk.

725 1418 142 28 Grotenfelt,
885 1418 50 22 Nils
947 1418 86 23 Gustaf
1049 1418 155 27 Maximilian,

727 1458 15 20 f.
761 1458 62 24 1846,
841 1455 14 25 |
875 1458 62 20 1902.
970 1457 157 21 Possessionat
1143 1457 30 26 pä
1188 1456 120 26 Järvikylä
1324 1454 7 21 i

726 1487 82 21 Jorois.
841 1484 173 24 Öfverdirektör
1031 1487 37 21 för
1083 1486 248 26 landtbruksstyrelsen

729 1518 62 20 1892.

759 1548 54 20 1872
826 1548 8 20 i
845 1548 158 26 ridderskapet
1016 1548 43 20 och
1071 1548 73 20 adeln.
1172 1547 54 21 Led.
1238 1546 7 21 i
1257 1546 74 21 Ekon.

727 1577 60 21 utsk.
807 1574 36 28 (fr.
859 1578 27 20 25
902 1583 48 20 apr.
966 1577 34 21 till
1017 1578 26 20 31
1060 1574 55 29 maj)
1134 1577 43 21 och
1192 1577 8 20 i
1216 1577 56 25 Lag-
1289 1575 43 21 och

728 1607 73 21 Ekon.
816 1607 60 21 utsk.
906 1607 78 25 Suppl.
999 1607 7 20 i
1021 1607 52 20 Bev.
1089 1606 59 21 utsk.
1167 1604 42 27 (till
1223 1606 26 20 31
1266 1602 66 28 maj).

759 1635 94 28 1877/78
867 1636 7 21 i
891 1636 159 26 ridderskapet
1067 1636 42 21 och
1126 1636 73 20 adeln.
1231 1635 101 21 Elektor.

728 1666 46 20 Led
791 1666 6 20 i
815 1666 52 21 Bev.
885 1666 60 20 utsk.
963 1666 44 20 och
1023 1666 8 20 i
1049 1666 67 20 Allm.
1134 1666 64 20 Besv.
1216 1664 60 22 utsk.
1296 1661 37 27 (fr.

730 1696 26 20 10
769 1702 48 19 apr.
833 1693 74 27 1877).
937 1696 78 26 Suppl.
1030 1696 7 20 i
1051 1695 119 21 Statsutsk.
1188 1692 41 27 (till
1246 1695 26 19 19
1285 1694 47 20 dec.

730 1722 74 28 1877).
835 1726 54 20 Led.
905 1726 7 20 i
927 1725 64 21 först.
1008 1725 74 21 Ekon.
1098 1725 60 20 utsk.
