1492 1870
136 84 34 18 262

709 86 154 23 Personregister.

131 935 2 15 |
156 940 42 18 tor.

157 205 118 27 Granfelt,
291 206 58 21 Axel
366 206 99 29 August,

160 244 14 20 f.
189 245 65 20 1846.
282 245 110 21 Medicine
404 245 106 21 licentiat.
532 246 144 20 Sekreterare
687 245 6 20 i
706 245 57 20 folk-

160 275 276 26 upplysningssällskapet
453 276 151 20 1878—1907.

191 305 57 20 1882
265 305 6 20 i
288 305 157 26 ridderskapet
464 306 43 20 och
525 305 73 21 adeln.

190 335 57 20 1885
270 334 6 21 i
298 334 157 27 ridderskapet
478 336 43 20 och
544 335 66 21 adeln
636 332 45 27 (för
703 335 60 20 ätten

160 362 164 27 Svinhufvud).

191 395 57 19 1888
272 394 6 20 i
301 394 158 27 ridderskapet
482 396 44 20 och
550 395 66 21 adeln
636 392 44 27 (för
703 395 60 20 ätten

159 422 195 28 Wadenstjerna).

191 455 55 19 1891
271 454 6 20 i
299 455 158 26 ridderskapet
481 455 42 20 och
548 456 65 19 adeln
635 452 44 26 (för
703 455 60 19 ätten

160 481 194 29 Wadenstjerna).

191 514 56 20 1894
271 514 6 20 i
300 514 158 27 ridderskapet
481 515 43 21 och
548 515 66 20 adeln
635 512 44 26 (för
703 515 60 19 ätten

160 541 194 29 Wadenstjerna).

191 574 55 20 1897
266 574 6 20 i
288 574 158 26 ridderskapet
464 575 42 20 och
524 575 74 20 adeln.

156 630 118 26 Granfelt,
290 630 58 22 Axel
365 630 106 27 Fredrik,

159 669 15 20 f.
193 670 63 23 1815,
281 667 6 25 1
306 670 62 20 1892.
400 670 104 26 Teologie
522 670 121 26 professor.

159 700 69 20 herde
246 699 8 20 i
271 699 139 26 Nurmijärvi
428 701 224 25 prebendepastorat.

190 728 93 27 1863/64
306 730 52 20 vald
383 730 24 20 af
430 730 74 25 Borgä
526 730 59 20 stifts
609 729 154 26 prästerskap.

159 759 53 20 Led.
236 759 44 20 och
304 759 136 22 biträdande
464 761 138 20 sekreterare
626 760 5 20 i
656 758 107 27 Lagutsk.

159 789 53 20 Led.
228 789 6 20 i
250 789 57 21 Just.
323 790 60 20 utsk.
399 791 43 19 och
458 790 7 20 i
479 790 71 20 Ensk.
567 790 63 19 Besv.
646 789 59 20 utsk.

190 820 55 19 1867
260 819 51 21 vald
326 819 24 20 af
364 819 74 26 Borgå
452 819 59 21 stifts
526 819 154 27 prästerskap.
709 819 53 20 Led.

159 849 6 20 i
176 849 200 26 Grundlagsutsk.;
388 850 6 19 i
406 849 56 26 Exp.
474 850 59 20 utsk.
544 850 44 20 och
599 851 7 20 i
616 849 70 20 Ensk.
699 849 62 20 Besv.

158 879 59 20 utsk.

189 909 55 20 1872
258 909 51 20 vald
322 909 23 20 af
357 909 74 26 Borgå
443 909 60 21 stifts
514 909 154 26 prästerskap.
696 908 65 21 Elek-

232 938 54 21 Led.
303 939 6 20 i
325 938 70 21 Ensk.
413 939 64 21 Besv.
495 939 59 21 utsk.
588 938 77 26 Suppl.
683 938 7 20 i
706 938 55 25 Lag-

157 968 59 20 utsk.
230 968 45 20 och
287 968 7 20 i
306 969 57 20 Just.
377 969 59 20 utsk.
466 969 52 20 Led.
532 968 37 21 två
582 968 83 26 gånger
678 968 6 20 i
698 968 63 20 först.

157 998 122 20 Statsutsk.

677 669 86 26 Kyrko-

154 1055 116 27 Granfelt,
288 1054 54 24 Carl
359 1056 93 28 August
470 1056 100 28 Magnus
587 1055 97 27 Henrik,

155 1094 15 20 f.
188 1095 64 24 1842,
269 1092 14 24 1
301 1094 61 21 1910.
394 1094 276 21 Bandirektörsassistent.

154 1124 104 21 direktör
275 1125 61 20 1898.

187 1154 55 20 1894
266 1154 6 20 i
294 1154 157 26 ridderskapet
474 1155 42 19 och
539 1154 66 20 adeln
632 1151 44 27 (för
699 1154 61 20 ätten

155 1181 81 27 Fock).
271 1184 52 20 Led.
341 1184 6 20 i
366 1184 78 20 Järnv.
462 1184 58 20 utsk.

187 1214 54 20 1897
268 1213 6 20 i
297 1214 158 26 ridderskapet
478 1214 43 20 och
545 1214 66 20 adeln
632 1210 44 27 (för
699 1214 61 19 ätten

156 1240 190 29 Stjernschantz).

187 1273 56 20 1900
267 1273 7 20 i
296 1273 159 27 ridderskapet
478 1274 43 20 och
546 1274 66 20 adeln
632 1270 44 26 (för
700 1273 60 19 ätten

156 1300 191 28 Stjernschantz).
384 1303 78 26 Suppl.
482 1303 7 21 i
509 1304 78 20 Järnv.
608 1302 58 21 utsk.
692 1300 36 26 (fr.
748 1302 13 20 6

155 1330 81 27 mars).

702 1094 57 20 Ban-

152 1394 118 27 Granfelt,
287 1394 96 29 George
400 1395 106 27 Fredrik,

155 1433 15 20 f.
186 1434 63 19 1865.
271 1433 109 21 Filosofie
390 1434 113 26 magister.
524 1433 237 26 Vicehäradshöfding

157 1463 62 21 1896.
242 1458 10 37 —
258 1463 184 27 Jurisutriusgue
463 1464 116 21 kandidat.
617 1464 98 20 Medlem
738 1462 23 21 af

155 1493 192 26 lagberedningen
363 1494 151 20 1907—1914.
528 1493 145 21 Hofrättsräd
686 1494 6 20 i
705 1490 55 23 Äbo.

186 1523 54 20 1891
267 1523 6 20 i
297 1523 158 27 ridderskapet
478 1524 43 20 och
545 1524 66 20 adeln
631 1520 45 27 (för
700 1524 60 19 ätten

155 1550 156 56 0.
346 1553 78 26 Suppl.
442 1554 6 20 i
468 1554 108 20 Riddarh.
596 1553 59 21 utsk.
678 1550 35 27 (fr.
733 1553 26 19 25

155 1588 67 20 apr.).

186 1612 55 20 1894
266 1612 8 20 i
296 1612 158 27 ridderskapet
477 1614 43 20 och
544 1613 66 20 adeln
630 1610 44 27 (för
699 1613 60 19 ätten

155 1638 156 28 Grönhagen).
344 1642 79 26 Suppl.
440 1643 7 20 i
466 1643 62 20 först.
546 1642 108 26 Lagutsk.

186 1672 54 19 1897
266 1671 6 20 i
297 1671 157 27 ridderskapet
478 1673 42 20 och
544 1672 66 21 adeln
631 1669 44 27 (för
698 1673 60 19 ätten

129 1701 1 4 |
155 1698 157 27 Grönhagen).
331 1701 54 21 Led.
398 1702 7 20 i
416 1702 109 21 Riddarh.
537 1702 60 20 utsk.
617 1702 143 20 Sekreterare

155 1730 43 20 och
217 1727 38 27 (fr.
273 1731 27 20 26
316 1728 70 28 mars)
406 1732 74 26 suppi.
498 1732 7 20 i
520 1732 121 21 Statsutsk.

796 157 106 24 (Granfelt,
915 157 80 24 George
1009 157 100 24 Fredrik,)

830 210 55 20 1899
909 209 6 20 i
938 209 159 26 ridderskapet
1120 209 43 20 och
1187 209 67 20 adeln
1274 206 43 26 (för
1340 209 61 19 ätten

799 236 154 29 Grönhagen).
989 239 78 26 Suppl.
1087 239 43 20 och
1149 239 139 20 sekreterare
1306 238 7 21 i
1333 238 68 20 Stats-

799 269 58 21 utsk.

830 299 55 21 1900
909 301 5 20 i
939 299 158 26 ridderskapet
1120 299 42 20 och
1187 299 66 20 adeln
1273 296 44 27 (för
1341 299 60 19 ätten

799 326 154 29 Grönhagen).
989 329 78 26 Suppl.
1087 329 42 20 och
1148 329 141 20 sekreterare
1307 328 6 21 i
1333 328 68 20 Stats-

799 359 58 21 utsk.

830 387 91 28 1904/05
937 389 7 20 i
960 389 158 26 ridderskapet
1135 389 43 20 och
1195 388 66 21 adeln
1281 385 43 27 (för
1340 388 62 20 ätten

799 416 154 29 Grönhagen).
983 419 53 20 Led.
1051 419 43 20 och
1108 419 140 20 sekreterare
1261 418 7 21 i
1281 417 120 22 Statsutsk.

799 449 52 20 Led.
867 449 5 20 i
887 449 109 20 Riddarh.
1011 449 60 20 utsk.

829 477 92 27 1905/06
938 479 6 20 i
961 478 158 26 ridderskapet
1135 479 43 20 och
1194 478 67 21 adeln
1281 475 43 27 (för
1341 478 61 20 ätten

799 506 154 28 Grönhagen).
982 508 95 21 Elektor
1091 506 36 26 (fr.
1141 509 26 19 27
1180 512 51 22 aug.
1246 504 73 28 1906).
1348 507 53 20 Led.

799 539 6 20 i
816 538 109 21 Riddarh.
937 539 59 20 utsk.
1009 539 42 20 och
1066 535 36 27 (fr.
1115 539 27 20 28
1153 543 50 21 aug.
1218 535 63 27 1906)
1295 538 7 20 i
1313 537 88 21 Grund-
1418 559 1 8 ;

798 568 97 26 lagutsk.
927 568 78 26 Suppl
1022 568 7 20 i
1045 568 121 21 Statsutsk.

797 631 115 26 Granfelt,
929 631 59 22 Otto
1005 631 89 22 Fabian
1111 631 106 26 Nimrod,

799 671 14 20 f.
831 671 61 24 1818,
908 668 15 25 T
940 671 62 20 1878.
1031 670 106 21 Assessor
1151 670 7 21 i
1173 666 49 25 Åbo
1237 670 92 24 hofrätt,
1345 668 57 21 vice-
1418 676 1 25 ;

799 701 114 26 president
933 701 62 20 1874.

830 729 91 27 1863/64
935 732 5 20 i
954 730 158 26 ridderskapet
1123 731 44 20 och
1180 730 66 20 adeln
1263 727 41 26 (till
1319 730 25 19 12
1355 729 46 26 jan.

801 758 73 26 1864).
904 760 99 21 Elektor.

795 823 115 27 Granfelt,
927 823 60 22 Otto
1005 823 114 27 Hjalmar,

797 863 15 20 f.
832 863 61 20 1874.
925 862 182 25 Jurisutriusgue
1123 861 118 25 kandidat,
1259 861 141 20 vicehärads-

798 892 102 26 höfding,
912 892 171 20 bankdirektör.
1112 891 119 21 Professor
1242 891 37 20 vid
1293 890 107 21 universi-

799 924 52 18 tetet
871 923 62 19 1909.

828 950 91 27 1904/05
936 952 7 20 i
959 951 158 26 ridderskapet
1133 951 43 21 och
1193 951 67 20 adeln
1279 948 44 26 (för
1340 951 60 19 ätten

797 982 139 20 Sölfverarm
956 981 27 21 fr.
1003 982 12 19 2
1034 981 56 20 febr.
1112 978 73 27 1905).
1221 980 78 26 Suppl.
1318 980 7 20 i
1345 980 55 25 Lag-

796 1011 59 21 utsk.
876 1008 35 27 (fr.
930 1012 11 19 7
958 1010 33 21 till
1011 1012 24 19 17
1053 1011 56 20 febr.
1129 1008 74 26 1905).
1235 1010 143 20 Sekreterare
1394 1009 6 20 i

796 1042 56 25 Lag-
868 1041 42 21 och
927 1041 74 20 Ekon.
1017 1041 59 20 utsk.
1094 1042 12 19 2
1122 1040 45 21 afd.

826 1069 93 27 1905/06
935 1071 7 20 i
958 1070 158 26 ridderskapet
1132 1071 43 20 och
1192 1070 67 20 adeln
1278 1067 44 27 (för
1339 1070 61 20 ätten

795 1100 168 21 Nordenskiöld
983 1101 42 20 och
1044 1100 27 20 fr.
1091 1100 28 20 30
1139 1105 49 21 aug.
1209 1100 56 20 1906
1284 1100 35 20 för
1337 1100 62 20 ätten

794 1128 169 28 Bergenheim).
994 1130 77 26 Suppl.
1088 1130 6 20 i
1110 1130 57 26 Exp.
1183 1130 59 20 utsk.
1258 1130 43 20 och
1319 1126 36 27 (fr.
1373 1130 24 19 15

793 1160 50 26 juni
860 1158 63 26 1906)
941 1160 8 20 i
963 1160 108 26 Lagutsk.

793 1222 130 27 Granroth,
940 1222 98 27 Henrik,

796 1262 14 20 f.
827 1262 62 24 1744,
912 1259 7 25 I
937 1262 62 20 1813.
1030 1261 205 20 Hemmansbonde
1248 1261 7 20 i
1270 1261 129 20 Pedersöre.

829 1292 56 20 1809
907 1292 86 20 ombud
1016 1291 36 20 för
1074 1291 135 20 Korsholms
1231 1296 69 15 norra
1323 1290 78 20 härad.

798 1321 53 21 Led.
865 1321 7 20 i
887 1320 66 21 Civil-
967 1321 43 20 och
1025 1320 73 21 Ekon.
1113 1320 60 21 utsk.

794 1383 151 27 Granström,
962 1383 72 22 Adolf
1049 1383 118 26 Wilhelm,

797 1422 15 21 f.
834 1423 62 24 1821,
915 1419 15 26 T
952 1423 61 20 1899.
1048 1421 137 21 Handlande
1204 1421 6 20 i
1229 1421 96 24 Raumo,
1345 1421 56 20 vice-

797 1452 90 24 konsul,
907 1451 184 27 politierädman.

829 1483 54 19 1867
907 1481 131 26 fullmäktig
1059 1482 36 20 för
1116 1482 91 20 Raumo
1227 1482 56 19 stad.
1320 1481 53 21 Led.
1396 1481 6 20 i

797 1512 69 20 Stats-
884 1512 43 20 och
944 1512 52 20 Bev.
1013 1512 60 20 utsk.

828 1542 55 20 1872
905 1541 132 25 fullmäktig
1058 1541 35 20 för
1115 1542 91 19 Raumo
1227 1541 56 20 stad.
1320 1540 53 21 Led.
1394 1540 7 20 i

797 1571 52 20 Bev.
865 1571 59 20 utsk.
941 1571 43 20 och
1000 1571 7 20 i
1023 1571 63 20 först.
1104 1570 121 21 Statsutsk.

792 1632 90 27 Granö,
899 1633 132 27 Johannes,

798 1672 14 20 f.
834 1673 62 23 1850,
922 1669 7 25 I
951 1672 62 20 1913.
1048 1672 150 25 Kyrkoherde
1215 1672 8 20 i
1242 1670 160 21 Nedertorneä.

794 1702 81 20 Pastor
889 1702 36 20 för
939 1702 77 20 finska
1031 1701 80 25 fängar
1125 1702 43 19 och
1183 1700 126 21 kolonister
1322 1700 7 21 i
1344 1700 56 21 Sibi-

796 1731 49 21 rien
864 1732 62 20 1901.
959 1732 66 20 Prost
1043 1731 62 21 1902.

1034 760 52 20 Led.
1101 760 6 20 i
1121 760 55 25 Lag-
1191 760 49 20 och.
1255 759 73 20 Ekon.
1342 759 59 20 utsk.
1418 756 1 3 '
