1495 1870
133 89 35 18 326

708 89 154 23 Personregister.

138 715 1 5 I
163 723 158 27 Sölfverarm).

158 161 167 22 (Nordenskiöld,
337 161 46 19 Carl
396 161 76 24 Adolf,)

193 213 54 20 1882
261 212 6 20 i
279 212 158 27 ridderskapet
450 213 43 21 och
505 214 73 20 adeln.

162 242 59 20 utsk.

193 272 56 20 1888
265 272 7 20 i
289 272 159 27 ridderskapet
465 273 43 21 och
526 274 73 20 adeln.

607 214 53 20 Led.
673 214 6 20 i
692 213 66 21 Ekon

161 327 187 29 Nordenskiöld,
365 329 52 22 Nils
434 328 56 23 Carl
507 329 85 29 (Karl),

162 366 15 21 f.
191 367 62 24 1837,
267 364 14 25 1
295 368 62 20 1889.
385 368 84 20 Lektor
481 368 38 20 vid
531 368 68 21 Evois
612 368 154 21 forstinstitut.

162 396 106 21 Direktor
286 397 35 21 för
336 398 191 26 meteorologiska
542 398 113 20 anstalten
674 399 62 20 1882.

193 427 54 20 1867
266 427 6 20 i
290 427 158 27 ridderskapet
464 428 45 20 och
526 428 74 21 adeln.

194 457 54 20 1872
271 456 7 20 i
300 456 158 27 ridderskapet
480 458 42 20 och
546 459 66 19 adein
639 456 44 26 (för
705 459 60 19 ätten

162 483 153 28 Bruncrona).
353 487 99 20 Elektor.
491 488 53 20 Led.
566 488 6 20 i
594 488 52 20 Bev.
668 488 70 24 utsk.;
761 488 5 20 i

162 515 67 21 Allm.
244 516 64 20 Besv.
323 517 60 20 utsk.
403 518 34 22 (ir.
453 518 13 19 8
480 515 58 28 juni)
557 518 43 20 och
616 520 32 19 tre
663 517 83 27 gänger
762 518 4 20 i

162 545 64 21 först.
243 546 120 21 Statsutsk.

193 573 93 28 1877/78
302 576 5 20 i
324 576 158 27 ridderskapet
500 578 42 20 och
559 578 67 20 adeln
646 575 44 27 (för
706 579 61 20 ätten

163 603 152 27 Bruncrona).
336 606 100 21 Elektor.
456 607 79 26 Suppl.
552 607 1 21 i
566 608 127 21 Bankutsk.
714 608 45 20 Led

138 632 1 5 |
162 635 6 20 i
187 635 64 21 först.
270 635 117 26 Lagutsk.;
408 637 7 20 i
432 637 64 20 först.
516 637 52 21 Bev.
588 638 70 24 utsk.;
677 638 6 21 i
703 639 57 20 först

138 690 1 5 |
163 665 55 26 Lag-
233 665 42 20 och
289 665 74 22 Ekon.
377 667 59 20 utsk.
450 667 43 20 och
494 661 14 38 i
527 667 63 21 först.
604 668 121 21 Statsutsk.

194 695 55 20 1885
272 695 5 20 i
301 695 158 28 ridderskapet
481 697 43 20 och
547 698 68 20 adeln
640 695 44 27 (för
706 699 60 20 ätten

351 726 100 21 Elektor.
480 727 79 26 Suppl.
572 728 6 20 i
593 728 120 21 Statsutsk.
732 725 34 28 (fr.

163 755 27 20 30
206 752 67 29 apr.).
305 755 76 22 Andre
396 757 74 26 suppi.
487 757 37 21 för
539 757 169 27 ridderskapets
725 759 42 20 och

163 785 78 20 adelns
257 785 157 22 bankrevisor.

194 815 55 20 1888
265 815 7 20 i
286 815 158 27 ridderskapet
457 817 45 20 och
518 818 74 20 adeln.

161 870 187 29 Nordenskiöld,
365 872 50 23 Nils
433 873 62 27 Erik,

164 909 14 20 f.
197 911 62 20 1872.
291 910 94 22 Docent.

195 940 55 20 1900
268 940 6 20 i
292 940 157 27 ridderskapet
468 942 43 20 och
529 943 73 20 adeln.

195 968 91 26 1904/05
305 970 8 20 i
331 970 159 28 ridderskapet
508 973 43 20 och
570 973 74 20 adeln.

195 998 92 27 1905/06
300 1000 5 20 i
319 1000 158 27 ridderskapet
490 1002 42 20 och
546 1003 66 20 adeln
628 1000 36 27 (fr.
677 1003 28 20 30
718 1008 44 20 aug

165 1026 74 27 1906).

162 1073 189 27 Nordenskiöld,
367 1075 50 22 Nils
433 1075 67 28 Otto,

165 1112 14 20 f.
197 1114 62 23 1834,
275 1110 15 26 1
307 1114 62 20 1916.
400 1114 264 27 Hofrättsextranotarie,
682 1123 86 19 posses-

165 1142 73 21 sionat
252 1143 29 25 pä
295 1143 103 26 Frugärd
414 1144 6 21 i
434 1145 121 21 Mäntsälä.

196 1171 91 27 1863/64
304 1173 6 20 i
327 1174 157 26 ridderskapet
501 1176 43 20 och
562 1176 67 20 adeln
648 1174 44 26 (för
708 1177 60 19 ätten

164 1208 44 14 von
224 1201 128 27 Rancken).
384 1204 78 26 Suppl.
479 1205 7 20 i
502 1205 73 21 Ekon.
592 1206 59 20 utsk.

196 1232 54 20 1867
265 1232 5 20 i
284 1233 158 27 ridderskapet
454 1235 43 20 och
510 1236 67 20 adeln
592 1232 45 28 (för
649 1236 62 21 ätten
725 1243 43 13 von

165 1259 114 27 Fieandt).

196 1290 92 26 1877/78
304 1292 6 20 i
327 1292 158 27 ridderskapet
502 1295 43 20 och
562 1296 67 19 adeln
647 1292 45 27 (för
708 1296 60 20 ätten

165 1318 99 27 Fraser).
294 1321 101 22 Elektor.
426 1323 52 21 Led.
502 1324 6 20 i
531 1324 67 21 Allm.
622 1325 63 20 Besv.
709 1325 60 21 utsk.

165 1351 78 25 Suppl.
260 1351 7 20 i
283 1351 73 21 Ekon.
374 1353 58 20 utsk.

196 1381 55 20 1882
275 1381 6 20 i
303 1381 158 27 ridderskapet
484 1384 42 20 och
549 1385 68 19 adeln
642 1382 44 26 (för
708 1386 60 19 ätten

165 1408 99 26 Fraser).
299 1411 100 21 Elektor.
434 1412 52 21 Led.
505 1413 6 20 i
530 1414 73 20 Ekon.
623 1414 59 20 utsk.
702 1415 43 20 och
763 1414 6 20 i

166 1439 62 21 först.
246 1440 121 21 Statsutsk.

624 818 99 21 Elektor.

197 1470 54 20 1894
266 1470 7 20 i
287 1470 159 28 ridderskapet
460 1473 44 20 och
518 1474 74 20 adeln.
623 1474 53 20 Led.
692 1474 6 20 i
714 1474 55 26 Lag-

166 1499 42 20 och
224 1499 73 21 Ekon.
314 1500 60 21 utsk.

197 1530 54 20 1897
265 1529 6 21 i
286 1530 157 27 ridderskapet
455 1532 43 20 och
511 1533 73 21 adeln.
613 1534 53 20 Led.
680 1534 7 20 i
701 1534 66 20 Kom.

166 1559 140 21 munalutsk.

197 1589 55 20 1899
268 1589 6 20 i
289 1589 158 27 ridderskapet
463 1592 43 20 och
522 1593 73 20 adeln.
627 1593 99 21 Elektor.

141 1657 1 11 i
164 1633 169 28 Nordenstam,
350 1634 79 23 Johan
446 1636 110 27 Mauritz,

141 1678 1 3 :
166 1672 95 21 friherre
277 1674 63 24 1860,
354 1674 15 20 f.
386 1674 62 25 1802,
462 1672 14 25 t
493 1676 61 20 1882.
577 1676 193 21 Viceordförande

165 1702 7 20 i
193 1704 104 20 senatens
319 1704 287 27 ekonomiedepartement,
628 1706 140 26 generallöjt-

166 1734 62 23 nant,
243 1734 91 25 general
349 1734 24 20 af
386 1734 131 22 infanteriet
534 1736 62 20 1870.

798 161 151 23 (Nordenstam,
961 161 67 18 Johan
1042 160 101 23 Mauritz,)

832 210 91 27 1863/64
946 211 279 21 landtmarskalk.

832 243 53 20 1867
906 241 280 21 landtmarskalk.

832 273 55 19 1872
906 271 280 21 landtmarskalk.

833 300 90 27 1877/78
942 302 6 20 i
967 302 158 25 ridderskapet
1145 302 43 20 och
1207 302 73 20 adeln.

799 358 166 27 Nordensvan,
983 358 88 28 Georg,

801 398 15 20 f.
839 398 61 24 1813,
922 395 15 25 T
960 398 62 20 1874.
1059 396 163 21 Possessionat.

804 428 60 23 1865,
882 427 105 26 slutligen
1009 427 2 20 i
1028 427 118 20 Tammela
1162 427 79 20 härad.

832 455 91 27 1863/64
940 457 7 20 i
962 457 158 25 ridderskapet
1138 457 42 20 och
1198 457 65 20 adeln
1284 454 44 27 (för
1344 458 61 18 ätten

802 493 43 14 von
866 484 147 27 Heideman).

802 517 42 20 och
859 518 5 20 i
879 517 69 20 Ensk.
963 517 64 20 Besv.
1042 516 59 21 utsk.
1119 513 41 27 (till
1175 517 12 19 2
1202 516 56 20 febr.
1274 513 73 27 1864).

1260 396 144 26 Kronofogde

801 573 164 26 Nordensvan,
983 573 87 21 Henric
1087 572 129 27 Christian,

802 612 15 20 f.
840 613 61 23 1762,
922 609 15 26 $
960 613 62 19 1822.
1058 611 170 21 Landskamrer
1248 612 6 20 i
1275 611 130 26 Nylands—

802 642 141 20 Tavastehus
955 643 36 19 län
1006 642 61 20 1802.
1094 642 112 20 Ledamot
1217 641 6 21 i
1234 642 170 25 regeringskon-

802 671 68 26 seljen
887 672 151 23 1809—1812,
1051 671 115 21 hvarefter
1179 671 48 21 äter
1240 672 164 20 landskamrer.

834 702 54 20 1809
900 702 5 19 i
917 701 157 26 ridderskapet
1085 702 43 20 och
1140 702 73 20 adeln.
1233 701 99 21 Elektor.
1352 701 52 20 Led.

803 731 5 20 i
825 731 65 20 Civil-
906 732 43 20 och
965 731 73 21 Ekon.
1054 731 59 21 utsk.

801 787 166 27 Nordensvan,
985 787 71 28 Hugo
1073 787 110 26 Casimir,

803 827 15 20 f.
832 827 61 24 1834,
913 824 7 25 $
935 827 62 20 1904.
1027 826 152 26 Stabskapten
1192 826 37 21 vid
1241 827 51 25 väg-
1304 827 43 20 och
1359 828 46 18 vat-

802 856 333 21 tenkommunikationskären.
1163 853 175 28 Öfveringeniör
1351 857 55 20 1888

802 887 93 20 —1890.

835 914 90 27 1863/64
945 918 6 19 i
970 916 159 26 ridderskapet
1147 916 44 20 och
1211 916 73 20 adeln.

835 946 55 20 1888
902 946 5 20 i
920 945 158 27 ridderskapet
1089 946 42 20 och
1143 946 74 20 adeln.
1245 946 70 20 Led.i
1328 946 77 20 Järnv.

804 976 58 20 utsk.

802 1031 165 27 Nordensvan,
984 1031 79 23 Johan
1081 1031 90 24 Robert
1188 1031 77 28 Hugo,

804 1070 14 20 f.
838 1071 61 19 1864.
931 1070 208 24 Forstkonduktör,
1156 1071 70 19 sedan
1243 1070 163 21 forstmästare.

835 1101 52 19 1891
906 1100 6 20 i
930 1100 159 26 ridderskapet
1107 1100 42 20 och
1167 1100 73 20 adeln.

836 1128 90 27 1904/05
942 1127 40 26 (till
995 1131 11 19 7
1019 1127 57 29 apr.)
1091 1130 7 20 i
1109 1130 158 25 ridderskapet
1278 1130 43 20 och
1334 1130 72 20 adeln.

836 1158 91 26 1905/06
946 1160 5 20 i
972 1160 157 26 ridderskapet
1147 1160 44 20 och
1210 1160 73 20 adeln.

803 1204 165 27 Nordensvan,
985 1204 102 22 Torsten
1104 1204 98 22 Fredrik
1219 1204 135 27 Zacharias,

805 1242 15 21 f.
836 1244 60 23 1863,
918 1240 7 25 $
940 1244 61 20 1914.
1030 1242 108 21 Filosofie
1151 1242 114 26 magister,
1277 1244 129 25 godsägare.

805 1272 188 21 Kommunalråd.

836 1303 54 20 1897
904 1302 7 20 i
923 1302 158 26 ridderskapet
1095 1302 42 20 och
1151 1302 73 20 adeln.

805 1332 140 20 munalutsk.

836 1360 91 27 1904/05
943 1361 6 20 i
964 1361 158 26 ridderskapet
1137 1361 42 20 och
1195 1361 66 20 adeln
1280 1358 36 27 (fr.
1332 1362 12 19 7
1360 1367 48 20 apr.

807 1388 73 27 1905).

803 1434 124 29 Nordling,
944 1435 100 27 Anders,

805 1474 15 20 f.
834 1475 62 23 1811,
909 1472 14 25 T
937 1475 62 20 1872.
1026 1474 177 20 Landtbrukare
1213 1474 14 20 å
1238 1474 105 20 Timböle
1353 1474 56 26 gård

805 1504 6 20 i
827 1504 98 20 Karuna.

837 1535 54 19 1867
915 1534 131 26 fullmäktig
1070 1534 36 20 för
1129 1533 87 21 Piikkis
1241 1534 42 20 och
1308 1533 101 21 Halikko

806 1564 117 20 nedredels
933 1564 116 25 domsaga.
1068 1564 53 20 Led.
1132 1563 7 20 i
1151 1564 68 20 Stats-
1231 1564 43 19 och
1285 1563 52 20 Bev.
1349 1563 59 21 utsk.

804 1608 125 28 Nordling,
946 1608 73 22 Frans
1037 1608 115 27 Hjalmar,

806 1647 14 20 f.
840 1647 61 21 1860.
935 1646 144 21 Stadsläkare
1097 1647 6 20 i
1119 1646 96 20 Raumo.

805 1676 55 21 kare
877 1676 6 20 i
901 1676 153 26 Björneborgs
1070 1676 91 20 distrikt
1181 1676 62 20 1903.

837 1706 54 20 1900
910 1706 131 26 fullmäktig
1059 1706 34 20 för
1111 1706 88 20 Raumo
1217 1706 57 19 stad.

807 1736 62 20 först.
885 1736 52 20 Bev.
953 1736 60 20 utsk.

1253 1302 53 20 Led.
1323 1302 3 20 i
1339 1302 68 21 Kom-

1248 1645 160 21 Provinciallä-

1307 1705 77 25 Suppl.
1404 1704 4 19 i

1049 486 78 26 Suppl.
1147 486 7 21 i
1173 486 67 21 Allm.
1261 487 63 20 Besv.
1345 486 59 21 utsk.
1421 510 1 5 |
