1495 1867
639 86 157 23 Personregister.

1321 86 34 19 321

91 207 133 26 Molander,
242 206 55 23 Clas
314 207 111 26 Herman,

95 245 14 21 f.
131 247 62 23 1817,
220 243 7 25 T
249 247 61 19 1897.
346 245 106 21 Direktör
471 245 35 20 för
526 245 170 26 generalguver-

94 275 159 25 nörskansliet,
276 275 95 26 verkligt
394 275 104 21 statsräd.
537 275 72 20 Adlad
635 276 54 19 1863

94 305 160 21 introducerad
268 303 36 28 !9/,
317 306 61 19 1864.
405 305 119 20 Guvernör
536 305 7 20 i
556 305 141 20 Tavastehus

94 335 38 20 län
155 336 61 20 1865.
253 335 94 21 Senator
367 335 7 20 i
395 335 302 26 ekonomiedepartementet

96 366 61 19 1869.
191 365 153 20 Geheimeräd.
377 365 105 20 Friherre
501 366 63 19 1887.

126 393 91 27 1863/64
237 395 6 20 i
263 395 156 26 ridderskapet
440 395 43 20 och
504 395 65 20 adeln
594 392 35 27 (fr.
649 395 46 26 jan.

96 422 73 27 1864).

126 455 54 20 1867
196 455 6 20 i
217 455 157 26 ridderskapet
387 455 45 20 och
448 455 74 20 adeln.
553 455 53 20 Led.
622 455 7 20 i
644 455 52 20 Rid-

94 485 64 20 darh.
172 485 59 20 utsk.
260 485 77 26 Suppl
350 485 5 20 i
369 485 56 26 Lag-
438 485 42 20 och
494 485 73 20 Ekon.
581 485 59 20 utsk.
653 485 43 20 och

94 515 6 20 i
117 515 66 20 Allm.
201 515 62 20 Besv.
280 515 59 20 utsk.

125 546 55 19 1872
198 545 6 20 i
221 545 156 26 ridderskapet
396 545 42 20 och
456 545 74 20 adeln.

125 573 92 27 1877/78
236 575 6 20 i
261 575 156 26 ridderskapet
436 575 43 20 och
499 575 73 20 adeln.

126 605 54 20 1882
199 605 5 20 i
222 604 156 26 ridderskapet
395 605 43 20 och
456 605 74 20 adeln.

125 635 55 20 1885
198 635 6 20 i
221 634 157 26 ridderskapet
395 635 43 20 och
456 635 73 20 adeln.

125 665 56 20 1888
198 665 6 19 i
221 664 156 26 ridderskapet
395 665 43 20 och
456 665 74 20 adeln.

126 695 52 19 1891
197 694 6 20 i
220 694 157 26 ridderskapet
395 695 43 19 och
456 695 74 19 adeln.

125 724 55 20 1894
199 724 6 20 i
222 724 156 26 ridderskapet
396 724 43 20 och
457 724 73 20 adeln.

126 754 53 20 1897
198 754 7 20 i
222 754 156 26 ridderskapet
396 754 42 20 och
456 754 73 20 adeln.

91 810 133 26 Molander,
241 810 74 22 Frans
332 810 101 26 Edvard,

95 849 15 20 f.
132 850 62 23 1826,
214 846 14 26 $
250 850 61 20 1896.
344 849 160 26 Borgmästare
523 849 6 20 i
549 849 148 25 Björneborg.

127 880 54 19 1872
212 878 129 27 fullmäktig
372 879 36 20 för
438 879 79 20 staden
549 878 148 26 Björneborg.

95 908 100 21 Elektor.
224 909 53 20 Led.
291 909 6 20 i
311 909 74 20 Ekon.
400 909 59 20 utsk.
474 909 6 20 i
495 909 56 25 Lag-
566 909 43 20 och
624 909 73 20 Ekon.

95 939 60 20 utsk.
175 939 42 20 och
240 936 36 27 (fr.
296 940 25 19 31
342 936 55 29 maj)
420 939 7 20 i
446 939 58 25 Exp.
524 938 59 21 utsk.
620 938 78 26 Suppl.

95 968 6 20 i
121 968 68 21 Stats-
210 969 42 20 och
273 969 72 20 Ekon.
365 969 60 20 utsk.
460 969 54 20 Led.
534 969 6 20 i
560 968 63 21 först.
644 969 53 19 Bev.

93 998 60 20 utsk.
164 999 48 19 -och
227 1000 33 19 tre
275 998 82 26 gånger
373 998 5 21 i
394 998 63 21 först.
474 998 121 21 Statsutsk.

129 1027 91 27 1877/78
241 1028 130 26 fullmäktig
393 1028 35 20 för
449 1029 79 21 staden
550 1028 148 26 Björneborg.

97 1058 98 20 Elektor.
228 1059 52 20 Led.
297 1059 6 19 i
320 1058 73 21 Ekon.
411 1058 60 21 utsk.
488 1059 43 20 och
547 1058 6 20 i
570 1058 69 20 Stats-
655 1058 43 20 och

94 1088 73 21 Ekon.
181 1088 59 21 utsk.
268 1088 77 26 Suppl
359 1088 6 20 i
378 1088 106 26 Värnepl.
497 1088 61 21 utsk.
575 1085 36 27 (fr.
626 1089 10 19 1
651 1088 46 20 okt.

96 1116 63 26 1877)
177 1119 42 19 och
233 1118 6 20 i
252 1119 57 20 Just.
323 1118 60 20 utsk.
401 1115 42 27 (till
456 1119 14 20 6
484 1119 47 20 dec.
547 1115 74 27 1877).
643 1118 54 20 Led.

93 1148 8 19 i
116 1148 63 20 först.
196 1148 106 25 Lagutsk.
319 1149 43 19 och
378 1150 34 18 tre
426 1148 84 26 gånger
525 1148 7 20 i
547 1148 63 20 först.
628 1148 67 20 Stats-

93 1177 59 21 utsk.

125 1208 54 20 1882
211 1207 130 26 fullmäktig
371 1207 36 21 för
438 1208 78 20 staden
548 1207 148 26 Björneborg.

94 1237 100 20 Elektor.
222 1237 71 21 Led.i
307 1237 74 21 Ekon.
394 1237 69 24 utsk.;
477 1238 6 20 i
497 1237 64 21 först.
576 1237 120 21 Statsutsk.

95 1267 42 20 och
152 1267 6 20 i
173 1267 64 20 först.
252 1267 52 20 Bev.
320 1267 59 21 utsk.

125 1297 55 20 1885
211 1297 130 26 fullmäktig
372 1297 36 20 för
438 1298 81 20 staden
548 1297 148 26 Björneborg.

94 1326 100 21 Elektor.
225 1327 53 20 Led.
292 1327 7 20 i
315 1327 73 20 Ekon.
405 1327 59 20 utsk.

125 1357 56 20 1888
211 1356 130 27 fullmäktig
371 1357 37 20 för
438 1357 79 20 staden
549 1357 147 26 Björneborg.

95 1386 78 26 Suppl.
186 1386 7 20 i
205 1387 174 20 Talmanskonf.
407 1387 101 20 Elektor.
537 1387 53 20 Led.
604 1387 7 20 i
624 1387 72 20 Ekon.

94 1415 59 21 utsk.

92 1471 132 28 Molander,
242 1472 104 22 Herman
363 1472 156 27 Maximilian,

95 1511 14 20 f.
133 1512 62 23 1852,
223 1509 7 25 1
252 1512 62 20 1899.
350 1511 244 26 Vicehäradshöfding.
630 1512 67 20 Före-

94 1541 107 20 ståndare
222 1541 36 20 för
278 1541 166 26 tullstyrelsens
468 1541 126 21 statistiska
615 1542 83 20 kontor

96 1571 62 20 1885.
190 1571 105 20 Friherre
312 1571 63 20 1887.

126 1601 55 20 1885
194 1600 7 20 i
212 1600 157 26 ridderskapet
383 1601 43 20 och
439 1601 66 20 adeln
522 1598 44 26 (för
579 1602 60 19 ätten
653 1607 44 14 von

96 1627 122 27 Böningh).

127 1666 54 20 1897
204 1665 6 20 i
232 1665 159 26 ridderskapet
413 1666 42 20 och
478 1666 68 20 adeln
571 1663 44 27 (för
636 1667 62 19 ätten

95 1692 94 28 Arppe).
217 1695 78 26 Suppl.
310 1696 7 20 i
331 1695 74 21 Ekon.
420 1696 59 20 utsk.
498 1693 35 27 (fr.
548 1696 14 20 9
575 1693 80 27 mars).

127 1730 55 20 1899
199 1730 7 20 i
222 1730 159 26 ridderskapet
398 1732 43 20 och
458 1732 74 20 adeln.

730 207 114 28 Mongola
859 208 14 21 1.
889 206 100 27 Mullila,
1006 206 100 27 Anders,

733 245 14 21 f.
766 247 62 23 1766,
844 243 14 25 1
876 246 62 20 1810.
969 245 196 26 Hemmansägare
1181 245 7 20 i
1203 245 89 26 Toijala
1307 245 29 26 by

733 275 24 20 af
772 275 76 21 Akkas
865 275 90 21 socken.

764 311 55 21 1809
832 311 85 21 ombud
930 311 36 20 för
979 311 74 21 Nedre
1066 311 137 21 Sääksmäki
1215 311 80 20 härad.

729 374 170 29 Montgomery
915 373 76 29 (-rie),
1009 373 90 25 Robert
1114 373 101 29 August,

733 413 15 20 f.
763 413 61 24 1834,
837 411 13 25 1
864 414 62 19 1898.
954 413 175 20 Bankdirektör.
1157 413 178 26 Jurisprofessor

735 443 61 20 1870.
824 443 139 20 Prokurator
977 444 63 19 1882.
1066 443 137 20 Presidenti
1215 443 60 20 Vasa
1286 442 49 21 hof-

732 473 44 20 rätt
797 473 61 20 1886.
893 473 95 20 Senator
1010 473 144 20 1887—1890
1174 473 43 20 och
1236 472 100 21 viceord-

733 503 94 20 förande
844 503 6 20 i
866 503 268 26 justitiedepartementet
1153 503 63 20 1896.

763 537 91 27 1863/64
872 539 6 20 i
895 539 158 26 ridderskapet
1070 539 43 20 och
1129 539 74 20 adeln.
1236 538 100 21 Elektor.

733 569 52 20 Led.
801 568 6 21 i
822 568 126 21 Bankutsk.

763 605 55 20 1867
840 604 6 20 i
867 604 158 26 ridderskapet
1047 605 42 20 och
1111 605 75 20 adeln.
1222 604 113 21 Elektors-

732 634 73 26 suppl.
845 634 78 26 Suppl.
947 635 43 20 och
1015 635 140 20 sekreterare
1178 635 7 20 i
1209 634 126 21 Bankutsk.

732 664 177 26 Ridderskapets
923 665 44 19 och
982 665 78 20 adelns
1075 664 203 26 bankfullmäktig.

763 700 54 20 1872
842 699 6 21 i
871 699 159 27 ridderskapet
1055 700 43 20 och
1121 700 74 20 adeln.
1235 700 100 20 Elektor.

732 729 53 21 Led.
802 729 7 20 i
827 729 130 24 Statsutsk.;
975 730 8 20 i
1001 730 68 20 Stats-
1088 730 42 20 och
1149 730 74 20 Ekon.
1242 730 69 23 utsk.;
1329 729 6 20 i

733 758 56 26 Exp.
802 759 59 20 utsk.
878 756 36 27 (fr.
930 760 25 20 12
969 757 70 27 mars)
1056 760 43 20 och
1112 760 6 20 i
1132 760 64 20 först.
1210 760 52 20 Bev.
1276 759 59 21 utsk.

732 788 175 27 Ridderskapets
927 790 43 20 och
989 790 79 20 adelns
1086 789 203 26 bankfullmäktig.

763 823 91 27 1877/78
871 824 6 21 i
893 825 160 26 ridderskapet
1069 826 43 20 och
1129 826 73 20 adeln.
1235 825 78 26 Suppl.
1330 824 6 20 i

732 854 174 21 Talmanskonf.
935 850 6 36 =
947 855 101 21 Elektor.
1088 855 64 21 Ordf.
1178 855 7 21 i
1210 854 126 27 Myntutsk.

733 884 52 21 Led.
800 884 6 20 i
820 884 117 26 Lagutsk.;
951 885 6 20 i
970 885 67 20 Allm.
1051 885 64 21 Besv.
1129 886 60 20 utsk.
1207 882 41 27 (till
1263 886 11 19 7
1288 890 48 20 apr.

734 911 76 27 1877);
827 914 7 20 i
850 914 64 21 först.
931 915 74 20 Ekon.
1023 915 69 24 utsk.;
1110 915 6 20 i
1134 915 64 21 först.
1216 914 120 21 Statsutsk.

733 944 42 20 och
791 946 6 20 i
812 944 62 20 först.
890 945 56 25 Lag-
961 945 44 20 och
1020 945 74 20 Ekon.
1110 945 60 21 utsk.
1200 944 137 22 Ridderska-

733 976 48 24 pets
799 974 42 20 och
858 974 78 21 adelns
953 975 203 25 bankfullmäktig.

765 1010 54 20 1882
838 1010 6 20 i
863 1010 158 26 ridderskapet
1040 1011 43 20 och
1102 1011 74 20 adeln.
1210 1010 127 21 Vicelandt-

733 1040 124 20 marskalk.
882 1040 50 21 Led.
950 1040 3 20 i
965 1040 175 21 Talmanskonf.
1162 1040 100 21 Elektor.
1283 1040 54 20 Led.

733 1070 44 20 och
793 1067 35 27 (fr.
843 1070 25 20 14
882 1067 65 27 febr.)
965 1070 58 21 ordf.
1040 1070 2 21 i
1056 1070 108 26 Lagutsk.
1192 1070 74 21 Led.i
1279 1070 57 26 Exp.

733 1100 59 20 utsk.
811 1097 40 27 (till
867 1100 25 20 31
910 1097 70 27 mars)
999 1100 43 20 och
1057 1100 8 20 i
1078 1100 64 20 först.
1158 1100 120 21 Statsutsk.

764 1136 54 20 1885
836 1136 6 20 i
859 1135 160 27 ridderskapet
1036 1136 43 20 och
1097 1136 74 20 adeln.

763 1172 56 19 1888
836 1171 6 20 i
859 1171 160 26 ridderskapet
1035 1172 45 20 och
1096 1172 74 20 adeln.

763 1207 53 21 1891
842 1207 7 20 i
873 1207 158 26 ridderskapet
1056 1208 42 19 och
1123 1207 73 21 adeln.
1236 1206 100 21 Elektor.

733 1236 64 21 Ordf.
812 1237 7 20 i
834 1237 107 26 Lagutsk.
957 1238 43 20 och
1015 1237 7 20 i
1037 1237 109 21 Riddarh.
1162 1237 59 20 utsk.

763 1273 55 20 1894
842 1273 6 20 i
873 1273 159 26 ridderskapet
1056 1273 42 20 och
1122 1273 74 20 adeln.
1236 1272 100 21 Elektor.

733 1302 64 21 Ordf.
814 1302 7 21 i
838 1303 107 25 Lagutsk.
979 1303 53 20 Led.
1051 1303 6 20 i
1073 1303 64 20 först.
1155 1302 121 21 Statsutsk.

763 1339 55 20 1897
836 1339 8 20 i
860 1339 158 26 ridderskapet
1036 1339 43 20 och
1097 1339 73 20 adeln.

730 1401 141 28 Montonen,
887 1401 76 28 Matti,

732 1440 15 21 f.
768 1441 62 20 1842.
864 1440 197 26 Hemmansägare
1078 1440 6 21 i
1103 1440 112 21 Kaukola.

763 1474 92 28 1877/78
873 1476 132 26 fullmäktig
1023 1476 36 21 för
1077 1476 125 21 Kexholms
1220 1475 116 25 domsaga.

733 1506 52 20 Led.
801 1506 6 20 i
822 1506 71 20 Ensk.
908 1506 64 21 Besv.
988 1506 59 21 utsk.

729 1573 49 17 von
794 1568 102 27 Morian,
913 1569 79 22 Johan
1010 1568 141 27 Christofer,

732 1607 15 20 f.
765 1608 62 24 1752,
851 1605 5 25 €
873 1608 62 20 1811.
966 1607 102 26 Lagman
1083 1607 7 20 i
1104 1607 128 25 Kymmene
1246 1606 90 25 lagsaga

734 1637 63 24 1786,
813 1636 80 22 afsked
911 1638 62 19 1795.
1003 1634 62 28 Ägde
1080 1636 108 21 Sarvlaks
1202 1642 30 14 m.
1248 1642 30 14 m.

764 1672 55 21 1809
833 1674 6 20 i
852 1672 159 26 ridderskapet
1025 1673 42 20 och
1082 1672 73 20 adeln.
1185 1671 94 21 Elektor
1295 1667 43 28 (till

733 1702 13 20 6
757 1708 48 20 apr.
817 1702 43 20 och
871 1702 27 21 fr.
911 1703 27 20 18
949 1708 48 20 apr.
1008 1702 35 20 till
1053 1703 25 19 31
1091 1698 65 30 maj).
1182 1700 73 22 Led.i
1266 1699 71 21 Ensk.

733 1732 57 26 Exp.
806 1732 60 20 utsk.
882 1738 41 14 n:o
940 1733 19 19 1.

1303 1790 17 14 41
