1506 1870
684 78 156 23 Personregister.

137 203 48 18 von
202 198 154 28 Willebrand,
373 198 90 29 Georg,

140 237 15 21 f.
173 238 63 20 1873.
269 238 111 26 Ingeniör.

171 266 94 27 1905/06
281 267 8 21 i
303 267 159 27 ridderskapet
476 268 44 20 och
536 268 66 20 adeln
623 264 45 28 (för
683 268 63 20 ätten

139 294 123 29 Procop6).

137 357 48 18 von
202 352 154 28 Willebrand,
373 353 105 23 Herman
495 353 92 27 Viktor,

141 391 15 21 f.
183 392 63 21 1876.
286 392 112 21 Medicine
421 392 108 25 licentiat,
554 392 191 21 assistentläkare.

140 421 158 22 Underläkare
320 422 40 21 vid
382 422 142 26 Helsingfors
548 422 198 26 epidemisjukhus

142 452 63 20 1913.

172 479 94 28 1904/05
284 481 8 21 i
309 481 159 27 ridderskapet
486 482 44 20 och
548 481 74 22 adeln.

172 509 95 27 1905/06
284 511 8 20 i
309 511 161 27 ridderskapet
487 512 44 20 och
550 512 73 21 adeln.

138 571 49 18 von
203 567 155 28 Willebrand,
374 567 79 23 Johan
470 567 106 28 Fredrik,

142 606 16 21 f.
176 607 62 24 1761,
255 604 15 26 T
288 607 61 21 1809.
380 607 116 26 Löjtnant.
527 607 44 21 För
586 605 163 28 delaktighet
736 600 17 38 i

142 636 218 26 Anjala-förbundet
380 637 70 21 dömd
472 636 52 21 från
545 637 70 24 lifvet,
637 643 53 14 men
711 637 37 20 be-

142 665 77 22 nädad
235 667 63 20 1790.
330 666 74 27 Major
419 667 39 21 vid
474 666 135 21 adelsfanan
626 667 63 20 1796.

174 697 56 20 1809
245 696 9 21 i
268 696 157 27 ridderskapet
440 697 43 20 och
499 697 74 20 adeln.

135 757 49 18 von
202 752 154 28 Willebrand,
374 753 56 24 Karl
448 753 127 27 Reinhold,

139 791 15 21 f.
180 792 64 21 1868.
277 791 108 22 Filosofie
416 792 90 21 doktor.
538 788 175 29 OÖfveringeniör
737 790 7 21 i

139 821 176 26 Ofverstyrelsen
328 822 36 21 för
375 822 52 26 väg-
440 822 44 21 och
496 821 248 27 vattenbyggnaderna.

170 850 94 27 1904/05
279 851 7 21 i
301 851 160 27 ridderskapet
476 852 43 20 och
535 852 67 20 adeln
622 849 45 27 (för
682 852 62 20 ätten

138 879 173 28 Lagermarck).
341 881 79 26 Suppl.
434 882 43 20 och
492 881 138 21 sekreterare
644 881 7 20 i
665 881 78 21 Järnv.

139 911 59 20 utsk.

170 939 94 27 1905/06
280 940 8 21 i
301 940 160 27 ridderskapet
476 941 44 21 och
536 940 67 22 adeln
621 937 46 28 (för
682 941 62 20 ätten

139 970 141 21 Sölfverarm
302 970 28 21 fr.
353 972 13 20 5
390 976 47 21 apr.
464 968 74 27 1906).
571 970 144 21 Sekreterare
737 970 7 20 i

138 1000 79 21 Järnv.
232 1000 62 21 utsk.

135 1061 49 17 von
200 1056 154 28 Willebrand,
372 1057 62 23 Knut
450 1056 72 27 Felix,

139 1094 15 22 f.
169 1096 62 23 1814,
245 1092 16 26 €
274 1096 62 20 1893.
364 1095 112 21 Medicine
488 1095 122 27 professor,
622 1096 15 20 t.
650 1094 16 21 f.
679 1100 64 20 gene-

138 1124 140 22 raldirektör
301 1125 37 21 för
362 1125 202 21 medicinalverket
591 1124 152 22 1863—1890.

138 1154 102 26 Verkligt
258 1154 96 22 statsräd
374 1156 62 20 1874.
468 1154 107 22 Friherre
591 1155 63 21 1889.

170 1183 94 27 1863/64
280 1184 6 21 i
302 1184 160 27 ridderskapet
474 1185 46 20 och
536 1184 66 21 adeln
621 1181 46 27 (för
683 1184 61 21 ätten

139 1211 155 29 Segersträle).

170 1245 55 20 1867
244 1244 8 20 i
269 1244 157 26 ridderskapet
443 1244 44 21 och
504 1244 73 21 adeln.

170 1274 55 20 1872
241 1274 7 20 i
262 1274 158 26 ridderskapet
433 1274 43 20 och
491 1274 73 20 adeln.
595 1273 94 21 Elektor
707 1270 36 27 (fr.

138 1303 14 20 6
164 1301 69 28 juni).
264 1303 78 26 Suppl.
356 1303 7 21 i
377 1303 127 21 Bankutsk.
518 1303 43 20 och
574 1303 7 20 i
595 1303 64 20 först.
674 1303 69 20 Stats-

138 1333 60 21 utsk.
228 1333 55 20 Led.
298 1333 7 21 i
320 1333 64 21 först.
400 1333 53 21 Bev.
468 1333 60 20 utsk.

170 1361 94 27 1877/78
282 1363 6 20 i
306 1363 159 26 ridderskapet
483 1363 43 20 och
545 1362 73 21 adeln.

170 1393 55 20 1882
244 1393 8 19 i
268 1393 158 25 ridderskapet
443 1393 43 20 och
504 1392 73 20 adeln.

169 1423 56 20 1885
244 1424 7 20 i
268 1422 157 26 ridderskapet
443 1422 43 20 och
503 1422 74 20 adeln.

169 1452 56 21 1888
243 1452 7 20 i
268 1452 157 26 ridderskapet
442 1452 43 20 och
504 1452 73 20 adeln.

134 1516 50 18 von
200 1511 154 27 Willebrand,
372 1511 119 24 Reinhold
508 1510 143 27 Alexander,

138 1550 15 20 f.
174 1551 63 20 1866.
272 1550 190 20 Justitierädman
480 1550 8 20 i
505 1545 56 25 Åbo.
595 1548 148 26 Politieborg-

138 1580 100 20 mästare
254 1580 40 20 där
312 1580 62 20 1900.

170 1610 55 20 1899
243 1609 9 21 i
267 1609 158 26 ridderskapet
442 1609 44 21 och
502 1609 73 21 adeln.

133 1652 49 18 von
198 1648 154 27 Willebrand,
370 1648 119 24 Reinhold
506 1647 72 27 Felix,

138 1686 15 21 f.
176 1688 63 20 1858.
275 1686 108 21 Filosofie
403 1686 114 26 magister.
552 1684 190 22 Vicehäradshöf-

136 1716 55 26 ding
208 1717 64 20 1890.
305 1716 171 21 Skriftställare.
509 1716 105 20 Friherre
633 1716 63 20 1889.

779 149 48 24 (von
839 149 132 22 Willebrand,
985 149 98 21 Reinhold
1097 151 72 23 Felix,)

813 202 54 20 1885
879 201 7 21 i
897 201 158 27 ridderskapet
1067 202 42 20 och
1121 202 68 20 adeln
1203 199 45 28 (för
1259 202 54 22 frih.
1324 203 61 20 ätten

780 237 41 15 n:o
834 232 28 20 33
875 237 45 14 von
934 228 161 28 Willebrand).
1125 232 80 26 Suppl.
1223 229 36 27 (fr.
1274 232 27 21 30
1316 229 65 30 april)

781 261 43 20 och
841 261 64 21 2:dre
922 261 140 21 sekreterare
1077 261 6 21 i
1099 261 68 21 Allm.
1184 262 65 20 Besv.
1266 262 60 21 utsk.

813 291 55 21 1888
879 290 7 21 i
897 290 158 27 ridderskapet
1067 291 44 21 och
1121 292 69 20 adeln
1203 288 45 28 (för
1259 292 53 20 frih.
1324 292 62 21 ätten

781 317 122 28 Walleen).

813 350 53 21 1891
881 350 8 20 i
901 350 158 26 ridderskapet
1072 351 43 20 och
1128 351 75 21 adeln.
1231 351 75 21 Led.i
1319 352 66 20 Allm.

781 380 64 20 Besv.
861 380 60 20 utsk.

813 410 55 20 1894
881 410 7 20 i
901 409 159 27 ridderskapet
1072 410 44 21 och
1129 410 74 21 adeln.
1231 411 54 21 Led.
1299 411 7 21 i
1319 410 66 21 Allm.

782 439 63 21 Besv.
858 439 60 21 utsk.
944 440 79 26 Suppi.
1034 440 7 20 i
1053 440 57 26 Exp.
1121 440 60 20 utsk.
1209 440 176 27 Ridderskapets

781 469 43 20 och
841 469 79 20 adelns
935 469 75 26 suppl.
1027 469 6 20 i
1050 469 262 27 Antells-delegationen.

813 499 54 20 1897
881 498 7 21 i
901 498 158 27 ridderskapet
1072 499 43 20 och
1128 499 75 21 adeln.
1231 499 75 22 Led.i
1319 499 66 21 Allm.

781 528 48 21 Pet.
841 528 60 21 utsk.
915 529 43 20 och
971 529 7 20 i
989 529 64 20 först.
1067 529 121 21 Statsutsk.
1217 529 99 26 Suppl.i
1329 529 56 26 Exp.

781 558 60 21 utsk.

813 589 56 20 1899
891 587 8 21 i
920 587 159 28 ridderskapet
1100 589 43 20 och
1167 589 74 21 adeln.

783 618 105 25 Värnepl.
903 618 60 21 utsk.

814 648 55 21 1900
880 647 7 21 i
897 648 158 26 ridderskapet
1065 649 43 20 och
1120 649 74 20 adeln.
1213 648 100 21 Elektor.
1333 649 52 20 Led.

782 677 6 20 i
805 677 128 21 Bankutsk.
966 678 78 26 Suppl.
1062 677 7 22 i
1086 678 122 21 Statsutsk.
1229 675 36 28 (fr.
1283 679 27 20 25
1328 675 55 29 maj)

782 707 43 20 och
841 707 6 20 i
863 707 57 26 Exp.
936 708 60 20 utsk.
1016 705 36 27 (fr.
1068 708 27 20 31
1112 705 66 29 maj).
1209 708 177 26 Ridderskapets

782 737 43 20 och
840 737 79 20 adelns
935 737 74 26 suppl.
1026 737 7 21 i
1050 737 262 27 Antells-delegationen.

813 765 92 28 1904/05
922 767 6 20 i
945 767 157 26 ridderskapet
1119 768 44 20 och
1179 768 74 21 adeln.
1285 767 100 21 Elektor.

781 795 65 22 Ordf.
865 797 6 20 i
889 797 52 20 Bev.
960 797 59 21 utsk.
1052 797 177 26 Ridderskapets
1247 798 44 20 och
1307 797 78 21 adelns

781 827 74 26 suppl.
871 826 8 21 i
893 826 261 27 Antells-delegationen.

812 855 93 27 1905/06
921 856 7 21 i
944 857 157 26 ridderskapet
1118 857 43 20 och
1178 857 73 21 adeln.
1284 857 79 26 Suppl.
1378 856 7 21 i

781 886 174 21 Talmanskonf.
994 887 100 20 Elektor.
1132 887 66 20 Ordf.
1221 887 6 20 i
1250 887 53 20 Bev.
1325 886 60 21 utsk.

781 915 78 27 Suppl.
873 916 7 20 i
895 915 107 27 Lagutsk.
1020 913 37 27 (fr.
1073 917 26 20 28
1114 921 51 21 aug.
1182 914 74 27 1906).

1279 589 78 26 Suppl.
1379 588 8 21 i

777 976 48 18 von
842 971 153 27 Willebrand,
1013 970 119 25 Reinhold
1150 971 97 27 Robert,

780 1010 15 20 f.
819 1011 63 20 1846.
919 1006 206 30 Öfverstelöjtnant
1145 1010 38 21 vid
1205 1010 178 26 generalstaben,

779 1040 99 20 öfverste
895 1041 62 20 1879.
989 1040 120 21 Stabschef
1124 1040 36 21 för
1176 1040 78 21 finska
1270 1040 114 20 militären

782 1070 62 24 1886,
861 1070 173 26 generalmajor.

811 1098 93 27 1877/78
919 1100 6 20 i
942 1099 157 27 ridderskapet
1116 1100 43 20 och
1176 1100 67 20 adeln
1263 1096 44 28 (för
1323 1100 62 20 ätten

780 1126 165 28 Svinhufvud).

811 1160 55 20 1882
888 1159 7 20 i
917 1159 158 26 ridderskapet

780 1186 189 28 Stjernschantz).
1003 1189 79 26 Suppl.

779 1216 66 28 maj).

811 1255 55 20 1885
888 1254 8 20 i
917 1254 158 30 ridderskapet
1097 1254 44 21 och
1164 1254 67 21 adeln
1257 1251 46 27 (för
1323 1255 61 20 ätten

779 1283 159 25 Silfversvan).
973 1284 79 25 Suppl.
1072 1284 7 20 i
1099 1284 64 20 först.
1184 1284 121 20 Statsutsk.

810 1319 56 21 1888
883 1319 6 20 i
907 1319 159 26 ridderskapet
1083 1319 43 21 och
1144 1319 74 20 adeln.

810 1355 54 20 1891
883 1354 7 21 i
907 1354 158 27 ridderskapet
1082 1355 43 20 och
1143 1355 74 20 adeln.

810 1390 55 20 1894
888 1389 7 21 i
917 1389 158 27 ridderskapet
1097 1390 44 20 och
1162 1390 68 20 adeln
1255 1387 44 27 (för
1321 1391 62 19 ätten

779 1415 141 30 Örnhjelm).

810 1455 55 21 1897
877 1454 7 21 i
896 1454 158 27 ridderskapet
1064 1455 44 21 och
1120 1455 68 21 adeln
1202 1452 44 27 (för
1257 1454 53 21 frih.
1322 1455 61 21 ätten

779 1481 128 28 Sackleen).

810 1520 56 20 1899
878 1519 7 21 i
897 1519 158 27 ridderskapet
1068 1520 43 20 och
1123 1520 67 20 adeln
1206 1517 45 27 (för
1263 1520 64 20 ätten
1337 1526 45 14 von

779 1547 176 27 Nandelstadh).

809 1585 56 21 1900
883 1586 7 20 i
907 1584 158 27 ridderskapet
1082 1585 43 20 och
1143 1585 75 21 adeln.

809 1618 92 28 1904/05
918 1620 7 20 i
941 1620 158 26 ridderskapet
1115 1620 43 21 och
1174 1621 67 21 adeln
1261 1617 45 28 (för
1321 1621 62 20 ätten

778 1647 159 27 Silfversvan).

809 1684 93 27 1905/06
917 1685 7 21 i
941 1685 158 27 ridderskapet
1115 1686 43 20 och
1175 1686 66 20 adeln
1262 1682 45 28 (för
1321 1686 62 20 ätten

778 1712 159 27 Silfversvan).

1097 1160 43 20 och
1163 1159 67 21 adeln
1256 1156 45 28 (för
1323 1160 61 20 ätten

1100 1189 7 21 i
1123 1189 79 21 Järnv.
1220 1188 60 22 utsk.
1302 1186 37 27 (fr.
1357 1189 27 20 26
