1506 1867
662 74 154 24 Personregister.

1349 76 34 18 381

116 194 170 28 Wasastjerna,
303 194 58 22 Axel
378 194 102 28 Edvard,

118 234 16 20 f.
153 234 62 20 1866.
247 233 183 26 Jurisutriusgue
445 234 118 24 kandidat,
581 234 142 20 vicehärads-

118 263 104 26 höfding.
260 263 100 21 Kanslist
383 264 6 20 i
412 265 104 19 senatens
540 264 183 26 civilexpedition

120 294 152 23 1897—1902,
293 298 70 21 yngre
384 294 99 20 ledamot
505 293 6 21 i
532 293 191 26 lagberedningen

120 323 152 21 1899—1901.
303 323 129 24 Sakförare,
447 324 131 25 godsägare.

150 354 54 19 1897
228 352 7 20 i
257 352 158 26 ridderskapet
438 353 42 20 och
503 353 74 20 adeln.
617 353 78 26 Suppl.
717 352 6 20 i

119 382 211 24 Kommunalutsk.;
345 382 7 21 i
366 383 56 25 Exp.
438 382 59 21 utsk.
516 380 36 26 (fr.
567 384 27 19 24
608 380 55 28 maj)
681 383 42 20 och

119 412 6 20 i
140 412 64 20 först.
220 412 120 21 Statsutsk.

150 443 56 20 1899
219 442 6 20 i
238 442 157 25 ridderskapet
408 442 42 21 och
464 442 66 21 adeln
548 439 43 27 (för
605 443 60 20 ätten
679 448 44 14 von

119 468 107 27 Zansen).
259 472 78 25 Suppl.
354 471 7 21 i
378 472 108 25 Lagutsk.

150 500 92 26 1904/05
259 501 6 20 i
282 501 157 26 ridderskapet
456 502 43 20 och
516 502 74 20 adeln.
623 501 100 21 Elektor.

119 531 53 20 Led.
187 531 7 20 i
209 531 107 26 Lagutsk.
332 532 43 19 och
389 531 7 20 i
410 531 109 21 Riddarh.
534 531 60 21 utsk.

116 587 170 28 Wasastjerna,
303 587 74 28 Björn
395 587 95 26 Rudolf,

119 627 15 20 f.
160 627 63 20 1860.
262 627 243 26 Vicehäradshöfding.
546 627 177 21 Senatskanslist

121 657 151 20 1895—1903.

150 687 56 20 1882
222 686 116 26 stenograf
352 686 6 21 i
374 686 158 27 ridderskapet
547 687 44 20 och
606 687 73 20 adeln.

150 717 56 20 1885
224 716 117 26 stenograf
358 716 7 20 i
382 716 174 26 prästeständet.

150 747 56 20 1888
222 746 116 25 stenograf
352 746 6 21 i
374 746 158 26 ridderskapet
548 747 43 20 och
606 747 74 20 adeln.

150 777 54 20 1891
229 776 7 20 i
257 775 158 27 ridderskapet
437 777 44 20 och
503 777 73 20 adeln.
615 777 78 26 Suppl
717 776 6 20 i

119 806 53 20 Bev.
186 806 60 20 utsk.

151 836 55 20 1894
229 835 6 21 i
258 835 157 26 ridderskapet
438 836 43 20 och
503 836 68 21 adeln
596 833 44 27 (för
662 837 61 19 ätten

120 865 146 26 Segercrantz
280 865 27 21 fr.
329 867 7 19 9
350 863 79 27 mars).
460 866 79 25 Suppl.
557 863 36 27 (fr.
610 867 26 19 13
650 863 70 27 mars)

119 895 42 20 och
178 895 140 21 sekreterare
334 895 6 20 i
356 895 107 26 Lagutsk.
496 896 54 20 Led.
566 896 7 20 i
589 896 58 20 Just.
663 895 60 21 utsk.

122 922 36 27 (fr.
177 925 9 20 1
202 922 69 29 juni).

150 955 55 20 1897
228 955 7 20 i
257 955 158 26 ridderskapet
437 955 43 20 och
503 955 68 20 adeln
595 952 46 27 (för
661 956 61 20 ätten

120 981 140 29 Örnhjelm).
287 985 78 26 Suppl
377 985 7 20 i
395 985 127 20 Bankutsk.
534 985 43 20 och
592 982 36 27 (fr.
640 986 13 19 8
664 982 55 29 maj)

119 1014 7 21 i
139 1014 58 21 Just.
212 1014 60 21 utsk.

151 1043 92 26 1905/06
260 1044 8 20 i
284 1044 158 27 ridderskapet
459 1045 44 20 och
521 1045 65 20 adeln
608 1041 45 28 (för
670 1044 53 21 frih.

119 1074 62 21 ätten
196 1072 200 28 Standertskjöld).

116 1129 170 28 Wasastjerna,
302 1130 75 22 Edvin
394 1130 102 27 Gideon,

119 1169 15 20 £.
149 1170 62 23 1824,
224 1167 14 25 t
254 1170 61 20 1877.
343 1169 281 21 Senatskammarförvant
638 1170 85 20 1858—

120 1199 63 20 1861.
217 1199 144 20 Sekreterare
379 1199 44 20 och
441 1199 156 21 ombudsman
614 1199 7 20 i
639 1199 84 20 brand-

119 1229 153 26 stodsbolaget
289 1229 35 20 för
341 1229 83 20 landet.

150 1257 92 26 1863/64
259 1259 6 20 i
281 1259 157 26 ridderskapet
456 1259 42 20 och
515 1259 67 20 adeln
601 1256 45 27 (för
661 1259 62 20 ätten

117 1285 173 29 Adlerstjerna).
309 1289 99 20 Elektor.
428 1289 52 20 Led.
491 1289 7 20 i
509 1289 120 20 Statsutsk.
647 1288 76 21 Andre

119 1318 74 26 suppl.
211 1318 36 21 för
264 1318 169 26 ridderskapets
451 1319 42 20 och
512 1319 79 20 adelns
607 1318 115 20 bankfull-

118 1347 95 26 mäktig.

150 1379 55 19 1867
221 1377 6 21 i
242 1377 158 26 ridderskapet
414 1378 43 20 och
471 1378 73 20 adeln.
575 1378 53 20 Led.
643 1379 7 20 i
665 1378 57 20 Just.

118 1407 60 20 utsk.
212 1407 78 26 Suppl.
308 1407 7 20 i
332 1407 69 21 Stats-
420 1408 42 20 och
480 1407 52 21 Bev.
551 1407 59 21 utsk.
644 1407 79 21 Förste

118 1437 75 25 suppl.
215 1437 36 20 för
271 1437 169 25 ridderskapets
462 1438 43 19 och
526 1437 79 21 adelns
625 1437 97 20 bankre-

118 1466 68 20 visor.

150 1497 55 19 1872
222 1496 141 21 sekreterare
378 1496 7 20 i
400 1496 52 21 Bev.
470 1496 60 21 utsk.

116 1558 170 28 Wasastjerna,
303 1558 71 22 Evert
390 1558 114 26 Edelfrid,

118 1596 16 21 f.
156 1598 62 20 1833.
253 1597 158 21 Bandirektör.

150 1625 92 27 1877/78
258 1627 7 20 i
283 1627 157 26 ridderskapet
458 1628 44 19 och
519 1627 66 21 adeln
607 1624 45 27 (för
669 1627 52 20 frih.

118 1656 61 20 ätten
196 1654 187 28 Langenskiöld).
414 1657 53 20 Led.
484 1657 6 20 i
506 1657 78 20 Järnv.
601 1657 59 20 utsk.
681 1654 41 27 (till

118 1687 12 19 5
146 1686 46 20 okt.
210 1684 74 26 1877).
315 1686 179 26 Ridderskapets
508 1687 44 19 och
567 1687 79 20 adelns
661 1687 61 19 med-

118 1716 43 20 lem
178 1716 8 20 i
201 1716 307 25 Ständerhusdelegationen.

757 146 153 24 (Wasastjerna,
922 147 60 18 Evert
996 146 106 24 Edelfrid,)

791 199 55 19 1882
858 198 7 20 i
876 198 158 26 ridderskapet
1046 199 43 19 och
1100 199 66 20 adeln
1182 196 44 27 (för
1237 199 54 21 frih.
1302 200 60 20 ätten

759 225 164 28 Stackelberg).
951 228 178 26 Ridderskapets
1142 229 43 20 och
1198 229 78 20 adelns
1289 229 73 25 suppi.

759 257 7 20 i
782 257 307 26 Ständerhusdelegationen.

791 288 55 20 1885
859 287 170 26 ridderskapets
1043 288 43 20 och
1099 288 80 20 adelns
1191 288 74 26 suppl.
1279 288 7 20 i
1300 288 62 20 Stän-

759 316 250 26 derhusdelegationen.

757 372 169 28 Wasastjerna,
943 372 71 23 Evert
1030 373 93 27 Viktor,

759 411 15 20 f.
794 412 62 20 1862.
889 411 112 21 Medicine
1018 412 107 24 licentiat,
1142 412 173 26 praktiserande
1333 412 29 20 lä-

759 441 54 21 kare
830 441 7 20 i
854 441 150 26 Helsingfors.

790 471 56 20 1899
863 471 6 20 i
888 471 157 26 ridderskapet
1063 472 44 19 och
1124 472 73 20 adeln.

790 501 55 20 1900
863 500 8 21 i
887 501 158 25 ridderskapet
1062 501 43 20 och
1123 501 74 20 adeln.

791 528 92 26 1904/05
902 530 6 21 i
928 530 159 27 ridderskapet
1104 531 44 20 och
1167 531 74 20 adeln.

790 558 93 27 1905/06
902 560 6 20 i
927 560 158 25 ridderskapet
1105 561 42 20 och
1167 561 73 20 adeln.

756 615 170 28 Wasastjerna,
943 615 86 23 Gustaf
1043 616 80 27 Albin,

759 654 15 21 f.
791 655 62 20 1849.
883 654 136 27 Godsägare.
1049 655 74 20 Sedan
1138 655 82 20 svensk
1235 655 126 21 undersäte.

790 685 55 20 1885
871 684 174 27 iridderskapet
1069 685 43 20 och
1138 685 66 20 adeln
1233 682 46 27 (för
1302 686 60 19 ätten

759 712 98 27 Ladav).

792 745 55 20 1888
878 744 175 26 iridderskapet
1082 745 39 20 och
1134 745 66 20 adeln
1235 742 43 27 (för
1309 744 52 21 frih.

759 774 61 20 ätten
832 771 181 28 Rokassowski).
1041 774 96 26 Suppl.i
1149 775 66 20 Allm.
1228 775 64 20 Besv.
1303 773 59 21 utsk.

763 800 36 27 (fr.
817 804 25 20 21
860 810 61 14 mars
938 804 33 20 till
988 805 13 19 2
1017 801 66 29 maj).

791 834 53 20 1891
871 833 174 26 iridderskapet
1070 834 43 21 och
1139 835 68 20 adeln
1234 831 44 27 (för
1302 835 61 19 ätten

759 861 125 26 Palmfelt).
919 863 78 26 Suppl.
1017 864 7 20 i
1041 864 68 20 Allm.
1128 864 63 21 Besv.
1211 864 59 21 utsk.

757 918 170 28 Wasastjerna,
944 918 86 23 Gustaf
1046 919 99 28 August,

759 957 15 21 f.
793 958 62 24 1823,
873 955 14 25 T
907 958 62 20 1905.
1001 958 159 26 Brukspatron
1177 958 30 26 pä
1223 954 139 30 Östermyra,

759 988 70 20 sedan
848 987 124 21 förvaltare
989 987 24 20 af
1030 988 75 20 denna
1123 989 118 24 egendom.

791 1015 92 27 1863/64
900 1017 6 20 i
922 1017 158 26 ridderskapet
1097 1017 43 21 och
1157 1018 66 20 adeln
1243 1014 44 27 (för
1303 1018 59 20 ätten

760 1044 117 27 Idestam).
907 1047 78 26 Suppl.
1000 1047 6 20 i
1020 1047 55 26 Lag-
1089 1047 44 21 och
1145 1047 74 21 Ekon.
1232 1047 60 21 utsk.

757 1102 170 28 Wasastjerna,
944 1103 76 22 Jacob
1037 1103 74 22 Frans
1127 1103 87 27 Oskar,

759 1141 15 21 f.
789 1143 62 23 1819,
863 1139 14 26 1
892 1143 62 20 1889.
981 1142 205 24 Tulldistriktchef,
1197 1142 166 21 tullförvaltare

758 1171 8 20 i
782 1171 74 26 Borgä
874 1172 63 20 1867.
968 1171 247 26 Riddarhusgenealog.

790 1200 92 27 1863/64
898 1201 7 20 i
920 1201 158 26 ridderskapet
1095 1202 43 20 och
1154 1202 68 20 adeln
1241 1199 45 27 (för
1301 1202 61 19 ätten

758 1237 41 14 n:o
815 1232 41 19 113
871 1228 69 27 Toll).

756 1286 171 28 Wasastjerna,
943 1287 78 22 Jakob
1038 1287 93 27 Viktor,

759 1325 15 20 f.
791 1326 62 23 1819,
869 1323 14 25 +
900 1326 61 20 1895.
991 1325 106 21 Assessor
1110 1325 6 21 i
1131 1325 58 21 Vasa
1203 1326 93 20 hofrätt.

757 1357 68 18 nator
841 1355 8 20 i
864 1355 268 26 justitiedepartementet
1151 1355 151 21 1869—1890.

790 1383 92 26 1863/64
903 1385 6 19 i
930 1385 158 25 ridderskapet
1109 1385 44 20 och
1173 1385 72 20 adeln.
1281 1385 53 20 Led.
1356 1384 6 20 i

759 1414 108 26 Lagutsk.

790 1445 55 19 1872
863 1444 6 20 i
887 1444 158 26 ridderskapet
1063 1445 43 19 och
1122 1444 73 20 adeln.

790 1472 92 26 1877/78
901 1475 6 20 i
926 1474 158 25 ridderskapet
1103 1474 43 20 och
1165 1474 73 20 adeln.

790 1504 55 20 1882
863 1503 6 20 i
887 1503 158 26 ridderskapet
1063 1504 42 20 och
1123 1504 73 20 adeln.

790 1534 55 19 1885
861 1532 7 21 i
885 1533 158 25 ridderskapet
1061 1534 43 20 och
1121 1534 74 20 adeln.

790 1563 55 20 1888
863 1562 6 20 i
887 1562 157 26 ridderskapet
1062 1564 43 19 och
1123 1563 74 20 adeln.

1326 1325 36 21 Se-

755 1618 170 27 Wasastjerna,
941 1618 124 22 Johannes
1082 1618 99 27 Osvald,

758 1656 15 21 f.
787 1658 62 20 1861.
862 1657 183 26 Jurisutriusgue
1055 1657 119 21 kandidat.
1187 1656 174 21 Bankdirektör.

789 1685 92 26 1904/05
899 1686 6 20 i
921 1686 159 26 ridderskapet
1096 1687 43 20 och
1155 1687 68 20 adeln
1241 1683 44 27 (för
1301 1687 61 19 ätten

758 1713 165 29 Gripenwald).
