1492 1867
639 74 155 22 Personregister.

1332 73 35 19 217

102 145 104 23 (Aminoff,
220 145 130 23 Alexander,)

106 194 80 27 mars).
220 197 78 26 Suppl.
318 197 6 20 i
344 197 109 20 Riddarh.
472 197 60 20 utsk.
566 197 54 21 Led.
640 197 6 21 i
665 197 45 21 för-

106 227 73 20 stärkt
194 227 108 25 Lagutsk.

138 257 54 20 1897
206 256 7 20 i
225 256 159 27 ridderskapet
396 257 44 20 och
453 257 67 20 adeln
536 255 44 26 (för
594 258 63 20 ätten
668 257 42 20 Ta-

107 284 67 27 vast).
207 287 53 20 Led.
279 287 6 20 i
303 287 109 21 Riddarh.
431 287 59 20 utsk.
525 287 78 26 Suppl
622 288 43 20 och
683 287 28 20 fr.

107 318 13 19 8
135 316 58 26 april
208 317 42 20 led.
273 317 1 20 i
290 317 202 20 Kommunalutsk.

139 347 55 20 1899
208 346 5 20 i
228 346 157 27 ridderskapet
399 347 43 20 och
456 347 66 21 adeln
538 344 44 27 (för
595 348 63 20 ätten
670 348 42 19 Ta-

108 374 66 27 vast).
205 376 53 21 Led.
274 377 6 20 i
296 377 108 21 Riddarh.
421 377 59 21 utsk.

140 407 54 20 1900
211 407 6 19 i
234 406 159 27 ridderskapet
408 408 43 19 och
467 408 69 20 adeln
553 406 44 26 (för
613 408 61 20 ätten
690 407 24 20 af

109 436 87 24 Hellen,
212 443 80 14 senare
307 437 35 20 för
358 437 53 20 frih.
428 438 61 20 ätten
506 435 121 27 Aminoff).
659 438 53 20 Led.

110 466 4 20 i
131 466 73 21 Ekon.
220 467 60 20 utsk.

140 495 91 28 1904/05
250 497 8 20 i
273 497 158 26 ridderskapet
449 498 43 20 och
510 498 67 20 adeln
598 495 45 27 (för
659 497 54 21 frih.

109 527 62 20 ätten
188 525 128 26 Sackleen).
348 528 54 20 Led.
420 528 6 19 i
444 527 108 21 Riddarh.
570 528 60 20 utsk.
647 529 43 19 och
707 527 7 20 i

110 557 72 20 Ekon.
197 557 60 20 utsk.

142 585 91 27 1905/06
250 587 6 20 i
272 587 158 26 ridderskapet
447 588 43 20 och
506 588 68 20 adeln
592 585 46 27 (för
652 589 63 19 ätten

110 614 124 29 Hisinger).
266 617 52 20 Led.
336 617 8 20 i
358 617 73 21 Ekon.
448 618 59 20 utsk.
524 619 43 19 och
584 617 64 22 Ordf.
665 617 50 21 däri

111 647 26 20 fr.
154 647 27 20 28
195 647 57 26 juni.

85 699 2 12 ;
108 685 114 28 Aminoff,
239 686 142 27 Alexander,

111 725 103 24 friherre,
227 725 15 20 f.
259 726 61 19 1875.
350 725 76 26 Yngre
437 725 136 22 bokhällare
585 726 7 20 i
605 725 110 21 Finlands

112 755 71 20 Bank.
213 755 24 20 T.
253 755 15 20 f.
283 755 225 21 bankkommissarie
522 756 7 20 i
542 756 130 25 Petrograd.

143 783 91 28 1904/05
249 785 7 20 i
269 785 159 26 ridderskapet
442 786 43 20 och
500 786 73 20 adeln.

143 814 92 26 1905/06
249 815 7 20 i
270 815 158 26 ridderskapet
442 816 44 20 och
500 816 74 20 adeln.

109 853 113 28 Aminoff,
239 854 90 22 Berndt
344 854 73 23 Adolf
433 855 55 22 Carl
506 855 109 28 Gregori,

113 893 14 20 f.
149 893 61 24 1809,
232 890 14 25 +
269 894 61 19 1875.
366 889 112 28 Öfverste,
498 894 100 20 ledamot
617 894 7 20 i
644 894 72 20 öfver-

113 923 198 26 krigsdomstolen.

88 977 1 3 |
145 953 54 20 1867
223 953 5 20 i
251 953 159 26 ridderskapet
432 954 43 19 och
498 954 73 20 adeln.
610 954 78 26 Suppl
711 953 6 20 i

113 983 109 20 Riddarh.
235 983 59 20 utsk.

146 1013 54 20 1872
223 1013 5 20 i
252 1013 157 26 ridderskapet
433 1014 42 19 och
498 1014 73 20 adeln.
610 1014 77 25 Suppl
711 1013 6 20 i

114 1043 108 20 Riddarh.
240 1043 59 20 utsk.

111 1081 114 27 Aminoff,
242 1081 89 22 Berndt
348 1082 94 27 Henric,

115 1120 13 20 1.
149 1121 61 23 1761,
229 1118 14 25 T
264 1121 60 20 1819.

114 1150 80 21 afsked
212 1151 62 20 1801.

146 1181 56 19 1809
220 1180 5 20 i
244 1180 157 27 ridderskapet
419 1182 42 19 och
480 1182 73 19 adeln.

112 1219 114 27 Aminoff,
243 1219 106 27 Fredrik,

115 1252 103 24 friherre,
236 1252 14 20 f.
270 1253 61 23 1807,
349 1250 14 25 T
382 1253 62 20 1880.
476 1253 101 20 Kanslist
593 1253 6 20 i
615 1254 105 19 senatens

115 1282 288 26 prokuratorsexpedition,
418 1283 82 20 afsked
515 1283 62 20 1842.

147 1310 92 27 1863/64
259 1312 6 20 i
287 1312 158 26 ridderskapet
466 1313 42 20 och
530 1313 72 20 adeln.

116 1341 56 26 Lag-
186 1342 42 20 och
242 1342 73 20 Ekon.
329 1342 59 21 utsk.
418 1343 78 25 Suppl
510 1343 6 20 i
530 1342 108 26 Lagutsk.

148 1372 54 20 1867
224 1372 6 19 i
252 1372 158 26 ridderskapet
432 1373 43 20 och
496 1373 74 20 adeln.
606 1373 114 20 Elektors-

357 1121 75 25 Major
448 1121 37 20 vid
503 1121 135 20 adelsfanan
656 1122 62 23 1797,

640 1313 52 20 Led.
714 1312 6 20 i

116 1402 74 26 suppl.
221 1402 53 20 Led.
290 1402 8 20 i
312 1402 55 26 Lag-
383 1402 42 20 och
442 1403 72 20 Ekon.
531 1403 59 20 utsk.
621 1403 77 25 Suppl.
715 1402 4 20 i

116 1431 70 20 Ensk.
202 1432 63 20 Besv.
280 1432 60 20 utsk.

149 1462 53 19 1872
219 1462 6 19 i
241 1462 157 26 ridderskapet
414 1462 43 20 och
473 1462 73 20 adeln.
578 1462 99 20 Elektor.

114 1500 114 26 Aminoff,
245 1500 123 22 Germund
385 1500 92 26 Gustaf,

117 1533 14 19 f.
152 1533 62 23 1823,
232 1530 15 25 T
267 1534 63 19 1908.
364 1533 144 21 Sekreterare
526 1534 5 19 i
550 1533 69 21 Wasa
636 1533 86 20 hofrätt

119 1564 62 18 1861.
194 1562 188 26 Häradshöfding
394 1563 6 20 i
413 1563 87 25 Närpes
513 1564 111 24 domsaga
636 1564 86 19 1868—

119 1592 61 20 1897.
212 1592 152 21 Hofrättsräd.

149 1620 91 27 1863/64
256 1622 6 20 i
280 1622 158 26 ridderskapet
456 1623 42 19 och
516 1622 73 20 adeln.
622 1622 100 20 Elektor.

118 1652 52 20 Led.
187 1652 5 19 i
209 1652 107 25 Lagutsk.
342 1652 144 20 Sekreterare
502 1652 6 20 i
524 1652 108 26 Lagutsk.
652 1650 40 26 (till
710 1653 12 19 3

118 1682 119 19 december
251 1679 74 26 1863).
345 1682 53 20 Led.
411 1682 5 19 i
428 1682 109 20 Riddarh.
551 1682 58 20 utsk,
626 1679 40 26 (till
678 1682 46 20 den:

120 1711 25 19 10
162 1710 96 20 oktober
277 1708 73 27 1863).

742 194 113 27 Aminoff,
873 195 79 22 Guido
969 195 80 22 Oskar
1064 196 83 27 Tapio,

746 234 15 20 f.
775 234 62 20 1870.
865 234 76 20 Andre
951 234 136 21 bokhällare
1098 234 38 21 vid
1147 235 76 20 Kervo
1233 234 116 26 järnvägs-

746 264 89 20 station.
867 264 226 26 Stationsinspektor.

777 292 91 27 1904/05
886 294 7 20 i
909 294 157 26 ridderskapet
1083 295 42 20 och
1142 295 73 20 adeln.

744 332 114 28 Aminoff,
875 332 55 22 Ivan
947 333 142 26 Alexander,

746 371 103 24 friherre,
865 372 15 20 f.
898 372 61 20 1847.
991 372 130 26 Sjökapten.

778 402 55 20 1899
849 402 5 20 i
871 402 157 26 ridderskapet
1043 403 43 19 och
1102 403 73 20 adeln.

744 440 114 27 Aminoff,
875 440 78 22 Johan
971 441 104 27 Fredrik,

747 479 103 25 friherre,
865 480 15 20 f.
898 481 62 24 1847,
983 477 6 26 t
1007 481 62 20 1892.
1099 480 183 26 Jurisutriusgue
1295 480 56 20 kan-

747 509 72 23 didat;
842 509 232 27 vicehäradshöfding
1099 511 62 20 1878.
1192 510 83 21 Grefve
1295 509 57 21 efter

748 539 136 21 farbrodern
898 541 62 19 1884.
987 540 138 26 Registrator
1137 541 9 20 i
1156 542 100 19 senaten.
1284 540 67 21 Kam-

748 569 155 26 marjunkare.
917 570 152 21 Innehafvare
1077 571 24 20 af
1107 570 65 21 Rilax
1177 570 173 21 fideikommiss.

780 598 91 27 1877/78
888 600 6 20 i
911 600 159 26 ridderskapet
1086 601 42 20 och
1145 601 74 20 adeln.
1251 600 78 26 Suppl.
1347 598 6 21 i

749 629 107 26 Lagutsk.

781 660 54 20 1882
853 660 5 20 i
875 660 157 26 ridderskapet
1049 661 42 20 och
1109 661 72 20 adeln.

749 689 97 21 kanslist
859 691 42 19 och
915 690 76 21 fiskal.

750 720 43 19 och
807 719 5 20 i
827 720 56 20 Just.
897 720 59 20 utsk.

1213 660 140 21 Riddarhus-

781 749 55 20 1885
853 749 7 20 i
875 749 157 26 ridderskapet
1049 750 43 20 och
1109 750 73 20 adeln.
1214 749 140 21 Riddarhus-

750 779 146 20 sekreterare.

782 810 55 19 1888
854 809 5 20 i
876 809 157 26 ridderskapet
1051 810 41 20 och
1110 810 73 20 adeln.
1215 809 140 20 Riddarhus-
1371 813 2 2 i

751 839 146 20 sekreterare.

783 870 53 19 1891
855 869 5 20 i
877 869 157 26 ridderskapet
1051 870 42 19 och
1110 870 73 20 adeln.
1216 869 139 20 Riddarhus-

752 899 145 20 sekreterare.

749 937 114 28 Aminoff,
880 938 78 22 Johan
976 938 99 22 Fredrik
1092 938 91 27 Gustaf,

753 977 102 24 friherre,
869 977 16 20 f.
899 977 62 24 1844,
975 975 14 24 1
1003 978 62 20 1899.
1094 973 110 24 Öfverste.
1233 977 123 20 Kommen-

752 1007 42 20 dör
811 1007 36 20 för
865 1007 76 20 finska
958 1007 220 26 gardesbataljonen.
1213 1006 143 21 Generalma-

752 1036 42 26 jor,
811 1038 112 24 guvernör
939 1037 6 20 i
961 1037 90 26 Kuopio
1066 1037 38 20 län
1121 1038 62 19 1888.

785 1067 54 20 1885
854 1067 5 20 i
873 1067 157 26 ridderskapet
1043 1067 43 20 och
1099 1067 65 20 adeln
1181 1064 44 26 (för
1238 1067 61 20 ätten
1312 1072 47 14 von.

755 1094 105 26 Konow).

1021 691 77 25 Suppl.
1113 691 5 19 i
1133 691 66 19 Allm.
1214 691 63 19 Besv.
1292 689 59 21 utsk.
1369 692 2 4 |

786 1127 54 20 1888
857 1127 5 19 i
879 1127 157 26 ridderskapet
1052 1127 43 20 och
1112 1127 72 20 adeln.
1216 1127 53 20 Led.
1285 1126 5 20 i
1305 1125 52 21 Rid-

754 1157 64 19 darh.
835 1157 59 20 utsk.

787 1187 53 20 1897
858 1187 4 19 i
879 1186 157 26 ridderskapet
1052 1187 43 20 och
1110 1187 73 20 adeln.

752 1225 114 26 Aminoff,
883 1225 100 22 Torsten
1001 1225 86 27 Johan,

755 1264 14 20 f.
787 1265 62 19 1847.
879 1264 184 25 Jurisutriusgue
1076 1264 116 20 kandidat.
1223 1263 136 21 Referenda-
1375 1280 1 8 ;

755 1293 174 21 riesekreterare
942 1294 5 20 i
962 1295 105 19 senatens
1081 1294 279 25 ekonomiedepartement

758 1324 150 20 1887—1903.
939 1323 108 21 Statsräd.

788 1355 55 18 1872
857 1354 117 25 stenograf
986 1354 6 19 i
1008 1353 173 26 prästeständet.

788 1384 91 25 1877/78
897 1383 6 20 i
919 1383 158 26 ridderskapet
1093 1383 43 20 och
1152 1383 73 20 adeln.

788 1414 55 19 1882
858 1414 5 19 i
879 1414 158 25 ridderskapet
1051 1414 43 20 och
1109 1414 73 20 adeln.
1213 1412 93 21 Elektor
1325 1409 34 27 (fr.

759 1444 6 18 1
783 1440 69 28 juni).
884 1444 53 19 Led.
954 1444 5 19 i
976 1443 51 21 Bev.
1044 1444 60 19 utsk.
1136 1443 77 26 Suppl
1230 1442 6 20 i
1253 1442 107 26 Lagutsk.

757 1473 43 19 och
815 1473 58 20 Just.
888 1473 59 20 utsk.
967 1470 36 26 (fr.
1018 1474 12 19 2
1045 1470 68 29 juni).

789 1504 54 19 1885
860 1503 4 19 i
881 1503 157 25 ridderskapet
1053 1503 44 20 och
1111 1503 73 20 adeln.

757 1533 43 19 och
819 1532 73 20 Ekon.
911 1532 59 20 utsk.
989 1533 43 19 och
1050 1532 57 26 Exp.
1126 1532 59 20 utsk.

1215 1502 54 20 Led.
1283 1502 9 20 i
1306 1501 55 25 Lag-

757 1594 48 23 pets
821 1592 43 20 och
880 1592 78 20 adelns
974 1592 156 20 bankrevisor.

791 1622 54 20 1888
857 1622 5 19 i
874 1622 158 25 ridderskapet
1043 1622 43 20 och
1097 1622 74 20 adeln.
1189 1621 100 20 Elektor.
1309 1620 52 20 Led.

758 1651 5 20 i
779 1652 74 19 Ekon.
868 1652 59 20 utsk.
943 1652 43 19 och
1001 1651 57 26 Exp.
1073 1651 60 21 utsk.
1163 1651 52 20 Led.
1231 1651 8 20 i
1253 1649 110 21 förstärkt

1219 1532 53 20 Led.
1291 1531 8 20 i
1316 1531 45 20 för-
1377 1535 2 10 !

757 1562 73 20 stärkt
845 1562 120 20 Statsutsk.
996 1562 81 26 Tredje
1093 1562 73 26 suppl.
1183 1562 36 20 för
1234 1560 127 22 ridderska-
1377 1567 2 9 ;

759 1682 120 19 Statsutsk.
909 1681 75 21 Andre
999 1682 73 25 suppi.
1087 1681 36 20 för
1136 1680 169 26 ridderskapets
1320 1679 43 20 och
1378 1680 1 3 |

759 1711 77 20 adelns
854 1710 156 21 bankrevisor.
