1506 1870
716 90 154 23 Personregister.

166 200 75 26 Solin,
259 202 96 26 Henrik,

170 240 14 20 f.
201 241 62 24 1848,
278 238 14 26 +
309 242 61 20 1902.

144 266 1 30 |
169 270 54 21 fors.

200 300 57 21 1900
268 300 131 27 fullmäktig
409 301 36 21 för
456 302 159 20 Tammerfors
625 303 56 20 stad.
694 302 78 26 Suppl.

144 325 1 15 |
169 330 6 20 i
195 330 200 21 Vattenrättsutsk.

401 242 220 26 Fabriksdisponent
635 243 7 20 i
656 243 116 21 Tammer-

144 384 1 23 I
166 391 144 28 Solitander,
327 393 86 27 Johan,

171 431 14 20 f.
209 432 62 24 1764,
293 430 14 24 T
331 433 60 20 1838.
428 433 180 21 Grosshandlare
629 434 42 20 och
692 434 81 20 bruks-

170 463 89 23 patron.
292 462 110 26 Bergsräd
422 464 61 19 1811.

201 491 56 21 1809
274 491 129 27 fullmäktig
419 492 36 21 för
471 493 73 25 Borgå
560 493 57 20 stad.
648 493 52 21 Led.
717 493 5 20 i
739 493 33 20 Ci-

170 521 39 20 vil-
228 521 43 20 och
290 521 73 21 Ekon.
382 522 59 21 utsk.
461 523 41 20 och
522 523 5 19 i
546 523 57 26 Exp.
621 522 59 21 utsk.

168 583 117 27 Sommer,
303 584 95 27 Arthur,

170 622 15 21 f.
200 623 62 24 1847,
283 621 7 24 $
304 623 61 21 1907.
394 623 127 27 Disponent
534 624 36 21 för
581 625 191 26 bomullsspinne-

170 652 41 21 riet
235 653 1 20 i
252 653 163 21 Tammerfors.
449 654 183 21 Kommerseräd.

201 683 55 20 1894
270 683 131 26 fullmäktig
414 683 36 22 för
463 684 158 21 Tammerfors
634 685 56 20 stad.
719 685 53 20 Led.

144 730 2 6 '
172 712 3 20 i
195 713 56 25 Lag-
270 713 43 20 och
331 713 74 21 Ekon.
424 714 59 21 utsk.

201 743 56 20 1899
276 743 131 26 fullmäktig
425 743 36 21 för
480 743 157 22 Tammerfors
655 744 56 21 stad.

202 773 55 20 1900
271 773 130 26 fullmäktig
415 773 35 21 för
464 773 156 21 Tammerfors
634 775 56 19 stad.

171 801 4 20 i
195 802 126 21 Bankutsk.

202 830 91 27 1904/05
309 833 131 26 fullmäktig
454 833 35 20 för
503 833 157 21 Tammerfors
675 834 56 20 stad.

720 774 52 20 Led.

168 895 120 26 Sopanen,
305 895 70 22 Adolf
390 895 79 27 Albin,

144 945 2 7 ;
171 933 13 19 f.
204 934 63 23 1835,
283 931 15 25 $
316 935 62 20 1879.
411 935 137 20 Handlande
565 935 5 20 i
588 935 95 25 Nyslott.

202 964 55 19 1872
277 963 132 27 fullmäktig
428 964 35 20 för
482 965 78 19 staden
582 964 94 26 Nyslott.

202 991 92 26 1877/78
314 993 132 26 fullmäktig
467 994 36 20 för
523 995 79 19 staden
624 994 88 26 Nyslott
737 992 35 26 (fr.

173 1023 6 19 1
198 1022 45 20 okt.
261 1021 73 25 1877).
365 1024 74 20 Led.i
453 1024 63 20 först.
532 1024 52 20 Bev.
600 1024 59 20 utsk.

168 1084 143 27 Sormunen,
327 1085 71 27 Juho,

170 1124 14 19 f.
205 1124 62 20 1843.
302 1124 194 26 Hemmansägare
515 1125 41 19 och
576 1125 173 20 landthandlare
768 1124 5 20 i

170 1153 101 21 Libelits.

202 1184 54 20 1897
268 1183 131 26 fullmäktig
410 1184 35 20 för
456 1184 92 20 Libelits
559 1185 116 25 domsaga.
694 1184 78 26 Suppl.

170 1212 5 20 i
193 1212 56 26 Lag-
269 1214 41 19 och
329 1213 73 21 Ekon.
420 1214 58 20 utsk.
500 1211 35 23 (fr.
554 1215 13 19 8
585 1211 66 28 apr.).

167 1274 119 28 Sovelius,
305 1275 94 27 Henric,

170 1313 14 20 f.
203 1314 63 23 1772,
282 1311 14 24 t
315 1315 61 19 1817.
409 1315 135 20 Handlande
560 1315 6 20 i
582 1315 132 20 Brahestad.

201 1343 56 20 1809
273 1343 130 27 fullmäktig
418 1344 35 20 för
469 1344 132 20 Brahestad.
632 1345 52 20 Led.
701 1344 5 20 i
722 1345 50 19 bor-

170 1373 129 24 garståndet
319 1373 70 20 Ensk.
411 1374 62 20 Besv.
495 1374 59 20 utsk.

166 1433 85 28 Spoof,
267 1434 58 22 Axel
343 1434 126 28 Reinhold,

170 1473 14 20 f.
202 1474 63 20 1845.
295 1474 79 20 Förste
390 1474 140 21 stadsläkare
547 1474 4 20 i
568 1470 54 24 Åbo.

201 1502 91 26 1904/05
311 1503 131 27 fullmäktig
460 1504 35 20 för
513 1500 48 24 Åbo
579 1505 56 19 stad.

144 1538 1 3 '
169 1532 66 20 Allm.
255 1533 46 20 Pet.
319 1533 60 21 utsk.

670 1504 76 26 Suppl.
767 1503 5 20 i

166 1594 200 29 Sprengtporten,
383 1595 81 23 Göran
482 1596 108 28 Magnus,

169 1634 14 20 f.
204 1634 63 24 1740,
286 1632 14 24 t
321 1635 61 20 1819.
409 1630 104 25 Öfverste
532 1634 35 20 för
585 1634 109 21 Savolaks
712 1639 59 21 rege-

170 1665 75 19 mente
261 1664 41 20 och
318 1664 53 20 chef
387 1664 34 20 för
437 1664 110 20 Savolaks
563 1664 107 26 brigaden
688 1664 85 20 1775—

172 1693 61 20 1780.
257 1693 171 27 Generalmajor
440 1694 6 20 i
460 1694 53 26 rysk
528 1693 70 26 tjänst
613 1694 62 20 1786.
698 1693 74 21 Dömd

170 1722 49 20 från
238 1722 31 24 lif,
285 1724 38 19 ära
340 1724 43 19 och
399 1724 61 25 gods.
492 1724 60 25 Rysk
570 1723 102 20 friherre.
704 1722 67 21 Gene-

804 156 175 24 (Sprengtporten,
992 157 68 18 Göran
1074 156 99 24 Magnus,)

807 209 149 25 ralguvernör
971 208 7 20 i
993 208 99 21 Finland
1110 208 61 24 1808,
1187 208 82 21 afsked
1286 208 61 21 1809.
1371 208 39 20 Re-
1428 224 1 10 ;

807 238 135 20 habiliterad
958 238 61 20 finsk
1034 238 118 20 adelsman
1166 244 89 14 samma
1269 238 32 20 år.

808 274 88 14 samma
911 268 31 20 år.

839 298 55 20 1809
912 298 5 20 i
936 297 158 26 ridderskapet
1112 298 43 20 och
1173 298 73 20 adeln.

805 353 82 29 Spåre,
903 354 71 22 Adolf
990 354 143 26 Ferdinand,

808 394 15 20 f.
844 394 61 20 1842.
939 393 96 25 Hofråd,
1053 393 251 27 telegrafkontorschef.

1331 237 80 21 Grefve
1428 252 1 3 ;

841 424 53 20 1900
911 424 6 20 i
933 423 157 26 ridderskapet
1106 424 43 20 och
1165 424 65 20 adeln
1251 420 40 27 (till
1307 425 13 19 8
1336 420 74 27 febr.).
1428 423 1 16 |

806 485 81 28 Spåre,
904 486 137 22 Alexander
1057 485 90 29 Eugen,

809 525 14 21 f.
839 526 62 23 1856,
922 523 6 25 $
945 525 62 21 1907.
1029 525 239 20 Hofrättsauskultant
1284 525 61 20 1880.
1368 525 42 20 No-

809 555 55 21 tarie
881 555 2 20 i
896 555 108 26 Wiborgs
1016 555 87 20 hofrätt
1118 555 62 24 1892,
1193 555 139 20 hofrättsräd
1349 555 61 20 1906.

840 586 54 20 1882
908 585 6 20 i
928 585 159 26 ridderskapet
1100 585 44 20 och
1158 585 65 20 adeln
1241 582 44 27 (för
1299 585 60 20 ätten
1374 584 36 20 Jä-

808 615 97 26 gerhorn
923 615 24 20 af
964 612 108 29 Spurila).

840 646 55 19 1899
919 645 6 20 i
948 645 158 25 ridderskapet
1130 645 42 19 och
1197 645 65 20 adeln
1283 642 44 26 (för
1350 645 59 19 ätten

808 672 145 28 Klingstedt).

806 736 80 29 Späre,
904 737 88 22 Arthur
1009 737 89 24 Robert
1115 737 91 26 Gustaf,

808 777 15 20 f.
844 778 61 19 1862.
941 777 101 20 Kornett.
1077 777 177 26 Generalmajor,
1274 777 112 25 guvernör
1406 775 5 20 i

809 807 89 26 Kuopio
914 807 37 20 län
970 807 61 20 1913.

840 837 55 20 1888
906 837 6 20 i
923 837 159 25 ridderskapet
1094 837 42 20 och
1149 837 66 20 adeln
1229 833 44 27 (för
1285 836 52 20 frih.
1349 837 60 19 ätten

809 863 172 29 Stjerncrantz).

806 928 81 28 Späre,
904 929 57 21 Axel
978 929 79 21 Johan
1074 928 91 27 Alfons,

808 968 15 20 f.
845 968 61 20 1847.
940 968 207 20 Hofrättsassessor
1167 968 61 24 1887,
1248 967 163 26 vicepresident

808 998 6 20 i
833 998 105 26 Wiborgs
957 997 86 21 hofrätt
1063 998 62 23 1909,
1144 997 79 21 afsked
1243 998 61 20 1910.

840 1028 55 20 1888
908 1029 6 20 i
927 1027 158 26 ridderskapet
1097 1028 42 20 och
1153 1027 65 21 adeln
1235 1024 44 27 (för
1292 1028 60 19 ätten
1366 1027 44 20 Ek-

808 1054 72 27 bom).
916 1057 52 21 Led.
989 1057 6 20 i
1015 1056 181 26 Strafflagsutsk.

840 1088 52 20 1891
908 1087 6 20 i
928 1087 158 25 ridderskapet
1100 1087 42 20 och
1155 1087 74 20 adeln.
1251 1086 52 21 Led.
1318 1087 6 20 i
1337 1086 72 21 Ekon.
1427 1104 2 5 |

808 1117 68 23 utsk.;
897 1117 2 20 i
914 1116 192 21 Riddarhusutsk.
1123 1117 42 20 och
1181 1117 6 20 i
1203 1117 63 20 först.
1283 1117 51 20 Bev.
1351 1116 58 20 utsk.

840 1147 54 20 1894
908 1146 5 20 i
927 1146 157 26 ridderskapet
1098 1147 41 19 och
1153 1147 65 20 adeln
1236 1144 43 25 (för
1292 1147 60 20 ätten
1366 1152 43 14 von
1427 1144 2 9 |

808 1174 134 26 Guvenius).
972 1176 53 20 Led.
1042 1176 4 20 i
1062 1176 56 26 Lag-
1133 1176 42 20 och
1191 1176 72 20 Ekon.
1279 1176 58 20 utsk.

839 1207 54 19 1897
909 1206 6 20 i
929 1206 158 26 ridderskapet
1103 1206 41 20 och
1161 1206 72 20 adeln.
1266 1206 51 20 Led.
1334 1206 5 20 i
1355 1206 55 25 Lag-
1427 1207 1 18 .

808 1236 58 20 utsk.
1427 1252 1 5 i

839 1266 55 20 1899
908 1267 6 20 i
928 1266 157 25 ridderskapet
1100 1266 43 20 och
1157 1266 65 20 adeln
1240 1262 43 27 (för
1297 1266 61 19 ätten
1372 1272 39 13 n:o
1427 1269 1 22 '

808 1296 42 19 226
869 1292 115 27 Etholén).
1427 1295 1 9 i

839 1325 55 20 1900
917 1325 5 19 i
946 1325 157 25 ridderskapet
1127 1325 41 20 och
1191 1325 65 20 adeln
1283 1321 44 28 (för
1350 1325 59 19 ätten

808 1351 66 27 Örn).
907 1355 51 20 Led.
976 1355 4 19 i
996 1354 73 21 Ekon.
1085 1355 59 20 utsk.
1164 1352 35 22 (fr.
1216 1355 27 19 27
1259 1351 79 27 mars).

839 1382 91 27 1904/05
946 1384 6 20 i
970 1384 157 25 ridderskapet
1144 1385 41 19 och
1203 1384 64 20 adeln
1288 1381 44 25 (för
1347 1384 63 26 grefl.

808 1414 62 20 ätten
888 1411 228 27 Stewen-Steinheil).
1150 1413 64 21 Ordf.
1234 1414 5 19 i
1259 1413 72 21 Ekon.
1351 1413 59 20 utsk.

840 1442 90 26 1905/06
947 1443 6 20 i
969 1443 158 26 ridderskapet
1143 1444 42 19 och
1202 1444 65 20 adeln
1288 1440 44 24 (för
1347 1443 63 26 grefl.

808 1474 59 19 ätten
886 1471 228 26 Stewen-Steinheil).
1147 1473 52 20 Led.
1219 1473 4 20 i
1243 1472 106 26 Lagutsk.
1368 1472 42 21 och

808 1503 5 19 i
832 1502 63 21 först.
915 1503 51 19 Bev.
986 1502 60 21 utsk.

805 1563 82 29 Spåre,
900 1564 54 22 Carl
972 1564 118 23 Wilhelm,

807 1604 15 19 f.
842 1604 62 23 1815,
922 1601 14 24 T
957 1604 61 20 1893.
1054 1603 186 26 Häradshöfding
1258 1603 6 21 i
1281 1603 128 21 Janakkala

807 1634 108 25 domsaga
939 1634 150 20 1862—1891.

839 1661 91 26 1863/64
947 1663 6 20 i
970 1663 155 25 ridderskapet
1144 1664 41 19 och
1204 1663 64 20 adeln
1290 1660 43 24 (för
1349 1664 61 19 ätten
1427 1653 1 29 ;

808 1690 100 26 Brakel).

808 1723 46 19 dec.
874 1720 73 22 1863).

939 1693 78 25 Suppl.
1034 1693 6 19 i
1057 1693 105 25 Lagutsk.
1181 1690 35 26 (fr.
1232 1693 27 20 30
1275 1692 44 20 okt.
1335 1692 32 20 till
1385 1693 24 19 15
1427 1692 1 33 |
