1492 1867
620 82 154 22 Personregister.

64 225 1 3 |
86 200 96 28 Creutz,
200 200 54 23 Carl
272 200 91 28 Gustaf,

88 240 83 26 grefve,
184 240 15 20 f.
214 240 62 24 1787,
297 238 6 25 t
319 241 62 20 1851.
409 241 139 20 Auskultant
561 241 6 20 i
580 237 50 24 Åbo
641 240 48 21 hof-

89 270 44 20 rätt
152 270 62 20 1805.
247 269 129 27 Godsägare
393 270 29 26 på
439 270 128 26 Malmgård
585 270 6 20 i
608 270 82 21 Pärnå.

122 300 54 20 1809
190 299 6 20 i
209 299 158 26 ridderskapet
379 300 44 20 och
438 300 72 20 adeln.
539 300 65 20 Ordf.
618 300 7 20 i
639 300 51 20 Rid-

90 330 64 19 darh.
169 329 59 20 utsk.

87 378 97 28 Creutz,
201 379 55 23 Carl
273 380 109 28 Magnus,

90 418 82 26 grefve,
200 418 14 20 f.
242 420 62 23 1821,
331 416 15 26 1
374 420 62 20 1893.
471 419 107 21 Filosofie
604 420 88 20 doktor.

91 448 156 20 Possessionat
260 448 29 26 pä
302 448 127 27 Malmgärd
444 449 5 20 i
464 449 81 20 Pärnä.
575 449 117 20 Guvernör

91 478 6 21 i
115 474 48 25 Åbo
181 479 42 19 och
240 479 152 25 Björneborgs
410 479 37 20 län
467 480 150 19 1866—1889.

122 506 91 27 1863/64
231 508 6 20 i
254 508 157 26 ridderskapet
428 509 43 20 och
488 509 72 20 adeln.
594 509 99 20 Elektor.

92 537 64 21 Ordf.
171 537 8 20 i
195 538 119 20 Statsutsk.
332 539 42 20 och
391 539 5 20 i
412 538 74 21 Ekon.
502 539 59 20 utsk.

124 568 53 19 1867
194 567 6 20 i
214 567 158 26 ridderskapet
388 569 42 19 och
447 569 72 20 adeln.
552 569 52 20 Led.
621 569 6 19 i
643 569 50 19 Tal-

92 597 132 20 manskonf.
258 597 99 21 Elektor.
393 597 64 21 Ordf.
479 598 4 19 i
505 598 188 25 Grundlagsutsk.

94 627 42 20 och
150 628 6 20 i
171 627 69 20 Stats-
255 627 42 20 och
312 627 52 20 Bev.
379 627 59 21 utsk.

67 668 2 41 |
92 677 94 25 Creutz,
203 677 85 22 Gustaf
304 677 84 28 Philip,

68 733 1 5 |
92 716 83 25 grefve,
191 716 15 21 f.
224 717 62 23 1855,
310 714 6 25 1
335 717 61 20 1914.
428 717 128 26 Godsägare
572 717 29 26 pä
616 717 80 20 Malm-

94 746 61 25 gärd.

125 776 55 21 1894
196 776 6 20 i
217 776 158 26 ridderskapet
390 777 42 20 och
448 777 73 20 adeln.
554 777 52 20 Led.
623 777 5 20 i
645 777 51 20 Rid-

69 828 1 5 |
94 806 146 20 darhusutsk.

127 837 55 19 1899
197 835 6 20 i
218 836 158 26 ridderskapet
392 837 41 19 och
449 837 73 20 adeln.
554 837 52 20 Led.
623 837 5 20 i
644 837 52 20 Rid-

95 866 146 20 darhusutsk.

127 895 55 21 1900
198 895 6 20 i
218 895 157 26 ridderskapet
391 896 42 20 och
450 897 73 19 adeln.
556 897 51 19 Led.
624 896 5 20 i
645 896 51 20 Rid-

96 925 64 20 darh.
173 925 59 20 utsk.
262 925 77 26 Suppl.
354 925 5 20 i
372 925 73 20 Ekon.
459 926 59 20 utsk.
536 923 40 26 (till
591 927 26 19 10
630 923 66 28 apr.).

128 953 90 26 1904/05
238 955 6 20 i
263 955 157 26 ridderskapet
438 956 43 19 och
501 955 72 20 adeln.

128 982 92 27 1905/06
239 985 5 20 i
264 985 157 25 ridderskapet
440 985 42 20 och
502 985 73 20 adeln.

94 1034 148 28 Cronhjelm,
259 1035 142 27 Alexander,

97 1079 82 25 grefve,
200 1079 15 21 f.
238 1081 62 23 1844,
321 1077 13 25 %
358 1081 62 20 1905.

97 1109 264 26 ralguvernörskansliet.
389 1109 146 22 Ordförande
545 1110 7 20 i
563 1110 137 25 pressöfver-

97 1139 108 25 styrelsen
226 1140 62 19 1899.
321 1140 184 19 Kammarherre.

130 1167 91 26 1877/78
239 1169 7 20 i
264 1169 158 26 ridderskapet
442 1170 42 19 och
503 1170 73 19 adeln.

130 1199 54 20 1882
202 1198 6 20 i
226 1198 157 26 ridderskapet
400 1199 43 20 och
460 1199 74 20 adeln.

130 1228 54 20 1885
202 1229 7 20 i
226 1228 157 26 ridderskapet
400 1229 43 20 och
461 1229 73 20 adeln.

130 1258 53 19 1891
202 1257 7 20 i
226 1257 158 26 ridderskapet
401 1258 42 20 och
461 1258 74 20 adeln.

131 1285 90 27 1904/05
240 1287 6 20 i
265 1287 157 26 ridderskapet
442 1288 42 19 och
504 1287 73 20 adeln.

97 1330 137 28 Cronstedt,
252 1330 54 23 Carl
323 1331 79 22 Anton
420 1331 119 24 Reinhold
557 1332 97 27 Ludvig,

99 1370 15 20 f.
132 1371 62 23 1858,
209 1367 15 26 |
242 1371 61 20 1914.
334 1370 244 25 Vicehäradshöfding.
608 1370 95 21 Auditör

99 1399 39 21 vid
151 1400 77 20 finska
241 1400 213 26 gardesbataljonen
471 1401 62 20 1885.
562 1400 139 20 Riddarhus-

99 1430 92 20 kamrer
208 1431 61 19 1891.
300 1430 272 20 Protokollssekreterare
588 1430 5 20 i
610 1431 92 19 senaten

102 1460 150 20 1892—1898.
280 1459 106 21 Direktör
401 1460 2 19 i
416 1459 114 21 Nordiska
542 1459 160 21 aktiebanken.

132 1490 54 19 1885
197 1489 7 20 i
215 1489 157 25 ridderskapet
383 1489 43 20 och
438 1489 73 20 adeln.
539 1489 77 25 Suppl.
629 1489 6 19 i
647 1489 55 25 Lag-

100 1518 60 21 utsk.
180 1515 35 27 (fr.
234 1519 25 19 16
275 1516 76 28 april).

132 1548 55 20 1888
203 1548 6 20 i
226 1548 158 26 ridderskapet
400 1548 42 20 och
459 1548 73 20 adeln.

104 1574 35 27 (fr.
156 1578 24 19 17
197 1575 69 26 mars)
285 1578 41 20 led.
343 1577 7 20 i
364 1577 107 25 Lagutsk.

132 1607 54 20 1891
203 1606 7 21 i
225 1606 159 26 ridderskapet
400 1607 42 20 och
459 1607 73 20 adeln.
564 1606 139 20 Riddarhus-

101 1636 105 20 kanslist-
220 1637 43 19 och
278 1636 74 20 fiskal.
374 1636 78 26 Suppl.
467 1636 6 20 i
487 1636 107 25 Lagutsk.
609 1636 42 20 och
669 1633 35 27 (fr.

103 1666 9 20 1
128 1663 57 28 apr.)
204 1666 6 20 i
225 1666 57 25 Exp.
298 1666 59 20 utsk.

133 1696 55 19 1894
203 1695 5 20 i
223 1695 158 25 ridderskapet
396 1695 42 20 och
454 1695 72 20 adeln.
558 1695 52 19 Led.
626 1694 5 20 i
648 1694 56 26 Exp.

102 1724 58 20 utsk.
190 1725 78 26 Suppl
282 1725 43 19 och
342 1722 36 26 (fr.
394 1725 26 19 13
434 1722 70 26 mars)
521 1724 41 20 led.
578 1724 5 20 i
599 1724 106 25 Lagutsk.

456 1080 99 21 Kanslist
576 1081 38 20 vid
634 1085 64 20 gene-

566 1548 77 25 Suppl.
661 1548 42 20 och

1311 79 34 18 241

723 153 122 24 (Cronstedt,
859 154 44 18 Carl
918 154 65 17 Anton
998 153 98 19 Reinhold
1110 152 92 24 Ludvig,)

757 206 54 20 1897
825 205 5 20 i
844 205 157 26 ridderskapet
1015 206 42 19 och
1071 205 72 20 adeln.

726 235 190 20 hussekreterare.

758 266 54 19 1899
830 265 5 19 i
853 265 158 25 ridderskapet
1029 265 42 19 och
1089 264 74 20 adeln.

758 295 54 20 1900
836 295 5 19 i
864 294 157 26 ridderskapet
1044 294 42 20 och
1109 294 73 20 adeln.

727 324 56 26 Exp.
799 324 58 20 utsk.

758 352 91 27 1904/05
866 354 6 20 i
889 354 158 25 ridderskapet
1063 354 43 20 och
1123 354 73 20 adeln.

759 382 91 26 1905/06
869 383 5 20 i
894 383 158 26 ridderskapet
1071 384 42 19 och
1133 383 72 20 adeln.

726 439 137 27 Cronstedt,
881 439 55 22 Carl
953 439 64 27 Olof,

729 479 14 20 f.
760 479 61 24 1800,
837 476 14 25 T
869 479 60 20 1883.
960 479 95 20 Senator
1071 478 150 21 1845—1870.

728 509 85 20 meräd.
845 509 106 20 Friherre
970 509 61 20 1870.

761 536 90 27 1863/64
871 539 6 19 i
896 538 159 26 ridderskapet
1072 539 43 19 och
1134 538 73 20 adeln.

761 569 54 19 1872
835 568 6 20 i
861 568 158 25 ridderskapet
1039 568 42 20 och
1102 568 73 20 adeln.

730 598 148 20 elektorerna.

731 628 50 19 Bev.
796 627 58 20 utsk.

1173 205 24 19 T.
1212 204 14 20 f.
1240 204 87 20 riddar-

1221 294 77 25 Suppl.
1322 292 6 20 i

1229 352 99 20 Elektor.

1252 477 77 20 Gehei-

1211 567 64 20 Ordf.
1296 566 35 20 för

728 683 137 27 Cronstedt,
883 683 97 22 Gabriel
997 683 87 24 Anton,

731 722 14 20 f.
763 723 62 23 1798,
841 720 14 24 +
872 723 61 20 1893.
965 722 117 20 Guvernör
1098 723 5 20 i
1119 718 48 24 Åbo
1183 722 41 19 och
1240 721 92 25 Björnc-

731 752 68 25 borgs
816 753 36 19 län
872 753 151 19 1841—1856.
1057 751 155 21 Geheimeräd.

763 780 91 27 1863/64
871 782 5 19 i
894 781 158 26 ridderskapet
1069 782 42 20 och
1129 781 72 20 adeln.

764 812 53 19 1867
840 811 5 20 i
867 811 158 26 ridderskapet
1047 812 42 19 och
1111 811 72 20 adeln.

732 841 73 25 suppl.
838 841 52 20 Led.
907 841 6 20 i
930 841 108 20 Riddarh.
1056 841 58 20 utsk.

731 896 136 25 Cronstedt,
885 897 96 22 Gabriel
998 897 133 27 Benjamin,

733 936 102 24 friherre,
851 936 14 20 f.
883 937 62 22 1870,
961 933 13 25 t
992 936 62 20 1913.
1085 935 181 25 Jurisutriusgue
1279 935 55 19 kan-

734 965 68 21 didat.
833 965 138 20 Biträdande
985 965 102 21 direktör
1102 965 36 20 vid
1153 964 182 25 Föreningsban-

734 995 55 20 kens
808 995 83 20 kontor
909 997 6 20 i
935 995 156 20 Tammerfors
1112 994 149 21 1902—1909.
1297 989 38 24 Öf-

734 1025 136 25 verflyttade
883 1025 32 20 till
931 1025 96 25 Sverige.

766 1055 55 20 1899
839 1055 4 19 i
862 1054 157 25 ridderskapet
1037 1055 43 19 och
1098 1054 73 20 adeln.

767 1083 91 26 1905/06
877 1084 6 20 i
902 1084 158 25 ridderskapet
1080 1084 41 19 och
1141 1083 72 20 adeln.

734 1146 137 27 Cronstedt,
887 1146 80 22 Johan
984 1146 73 21 Frans
1074 1145 114 25 Andreas,

736 1185 103 24 friherre,
851 1185 15 20 f.
882 1186 63 23 1832,
958 1182 15 25 $
988 1185 62 20 1907.
1080 1184 171 21 Verkställande
1264 1183 73 20 direk-

736 1216 35 19 tör
786 1215 6 20 i
808 1215 219 25 Föreningsbanken
1045 1215 62 20 1872.

768 1243 91 26 1877/78
878 1244 6 20 i
904 1244 156 25 ridderskapet
1081 1244 41 19 och
1142 1244 73 20 adeln.

736 1305 121 28 Cronvall,
874 1306 58 22 Axel
949 1306 108 28 Magnus,

738 1345 14 20 f.
770 1346 62 23 1846,
848 1343 14 24 +
879 1346 62 19 1898.
973 1344 167 26 Civilingeniör.

769 1375 55 20 1894
838 1374 131 26 fullmäktig
982 1374 35 20 för
1030 1371 48 23 Åbo
1092 1374 55 20 stad.
1176 1374 52 19 Led.
1242 1373 6 20 i
1261 1373 78 20 Järnv.

739 1405 58 19 utsk.
818 1405 75 19 Andre
914 1404 73 26 suppl.
1009 1404 35 20 för
1063 1403 184 26 borgarständets
1269 1401 70 21 bank-

739 1434 91 20 revisor.

738 1496 121 26 Cronvall,
876 1496 102 27 Magnus
994 1496 87 25 Johan,

740 1535 14 20 f.
773 1536 62 23 1814,
859 1532 6 25 1
883 1535 63 20 1888.
978 1534 126 20 Fabrikant
1120 1534 6 19 i
1142 1529 54 24 Åbo.

770 1562 92 27 1877/78
881 1563 131 26 fullmäktig
1030 1563 36 20 för
1084 1559 48 24 Åbo
1150 1563 55 19 stad.

738 1626 126 28 Cygnus,
881 1626 78 21 Johan
977 1625 96 24 Henrik,

741 1665 14 19 f.
769 1665 62 23 1765,
851 1662 5 24 €
869 1665 62 19 1814.
950 1664 151 25 Kyrkoherde
1111 1663 6 20 i
1128 1662 140 21 Rantasalmi
1281 1661 61 20 1799.

741 1694 189 25 Kontraktsprost
949 1694 61 19 1803.

773 1724 54 19 1809
843 1723 6 20 i
863 1722 173 26 prästeståndet.
1066 1722 53 20 Led.
1135 1722 6 19 i
1155 1720 146 21 Finansutsk.

1329 1780 14 12 31

905 598 52 20 Led.
970 598 6 19 i
988 597 63 21 först.
1064 598 120 20 Statsutsk.
1197 597 42 20 och
1249 597 6 20 i
1267 597 63 20 först.
1349 600 1 3 |

1219 810 114 20 Elektors-
