1492 1867
130 76 35 18 220

131 151 2 8 |

126 845 2 10 |
151 851 164 28 Gripenwald).

125 942 1 30 |
150 943 64 20 ätten
226 942 178 27 Mannerheim).

150 973 6 19 i
170 973 68 20 Allm.
254 973 63 21 Besv.
332 975 59 20 utsk.
421 975 52 20 Led.
488 975 7 20 i
509 975 111 21 förstärkt
634 975 120 21 Statsutsk.

705 80 153 22 Personregister.

154 148 133 24 (Appelgren,
299 150 48 18 Otto
361 150 103 24 Hjalmar,)

188 202 55 20 1894
264 202 175 22 bondeständets
459 203 71 20 förste
547 203 74 26 suppl.
640 203 5 19 i
665 203 95 19 Antells-

156 230 163 26 delegationen.

187 262 55 19 1897
262 261 176 21 bondeständets
457 264 71 19 andre
547 263 74 25 suppl.
641 262 5 20 i
665 262 94 20 Antells-

155 290 164 26 delegationen.

187 321 55 19 1900
262 321 176 21 bondeständets
457 323 70 19 andre
546 322 74 26 suppl.
640 322 5 20 i
664 322 95 20 Antells-

155 350 164 26 delegationen.

152 395 150 28 Appelgvist,
318 396 80 22 Anton
416 397 93 26 Viktor,

156 434 14 20 f.
185 435 62 24 1839,
261 432 14 25 T
289 436 61 20 1913.
379 436 112 26 Kapellan
502 436 6 20 i
521 436 148 20 Tavastehus.
697 436 61 20 Vice-

154 462 84 32 pastor.
367 491 6 4 N

186 495 55 20 1888
257 495 49 20 vald
323 495 23 20 af
360 496 49 20 Abo
425 496 60 20 stifts
498 496 154 25 prästerskap.
683 496 52 20 Led.
752 495 8 20 i

154 523 128 21 Bankutsk.
315 525 78 26 Suppl.
412 525 5 20 i
436 525 121 21 Statsutsk.
579 523 35 26 (fr.
633 527 27 18 23
678 523 80 26 mars).

154 553 78 27 Suppl.
248 554 9 20 i
270 555 55 20 Just.
342 555 59 20 utsk.

151 604 118 27 Arajärvi,
285 605 27 26 J.,
329 614 23 14 se
368 606 62 22 Alin.

150 658 110 28 Armfelt,
277 659 91 28 August
384 661 102 28 Magnus
503 661 92 26 Gustaf,

127 706 2 5 |
153 703 83 25 grefve,
248 704 17 20 f.
278 705 54 20 1826
344 702 14 25 f
371 703 104 28 26/,1894.
496 705 156 21 Possessionat
664 706 29 25 pä
704 705 52 20 Viu-

152 733 42 20 rila
208 733 6 20 i
228 734 108 21 Halikko.

184 762 93 27 1863/64
295 764 5 20 i
321 764 158 27 ridderskapet
497 766 43 19 och
559 766 67 20 adeln
649 763 46 26 (för
713 766 43 19 adl.

152 793 60 20 ätten
226 792 165 27 Gripenwald).
418 795 100 21 Elektor.
546 796 73 20 Led.i
632 795 52 20 Bev.
697 795 59 20 utsk.

183 823 55 20 1867
253 823 6 20 i
272 823 158 28 ridderskapet
442 826 43 19 och
497 826 66 20 adeln
581 823 44 26 (för
638 826 43 20 adl.
695 826 63 19 ätten

345 854 100 21 Elektor.
475 855 54 21 Led.
543 856 6 20 i
563 856 69 20 Stats-
647 856 43 19 och
704 856 52 19 Bev.

151 883 59 20 ulsk.
239 883 154 22 Bankrevisor
405 885 36 20 för
455 885 158 26 ridderskapet
626 886 42 20 och
682 886 73 20 adeln.

183 914 55 19 1872
262 913 6 20 i
289 914 158 27 ridderskapet
470 916 42 20 och
535 916 68 20 adeln
626 913 45 26 (för
692 915 63 26 grefl.

433 945 54 21 Led.
501 946 5 19 i
521 945 126 21 Bankutsk.
677 945 78 26 Suppl.

150 1003 154 21 Bankrevisor
320 1004 37 20 för
373 1005 158 26 ridderskapet
546 1006 43 19 och
607 1006 73 20 adeln.

182 1031 93 27 1877/78
293 1034 6 19 i
319 1034 158 27 ridderskapet
495 1036 43 19 och
558 1036 67 20 adeln
647 1032 45 27 (för
711 1035 43 20 adl.

150 1063 63 20 ätten
224 1061 164 28 Gripenwald).
408 1064 65 21 Ordf.
486 1065 6 20 i
504 1066 105 25 Värnepi.
621 1065 60 20 utsk.
701 1065 53 21 Led.

150 1092 5 19 i
171 1093 111 20 förstärkt
298 1094 120 20 Statsutsk.
435 1095 42 20 och
493 1095 5 20 i
516 1095 109 21 förstärkt
640 1095 56 26 Lag-
711 1095 44 20 och

150 1122 73 20 Ekon.
237 1123 60 20 utsk.
326 1124 153 21 Bankrevisor
492 1125 36 20 för
540 1125 159 26 ridderskapet
711 1125 43 20 och

149 1152 74 21 adeln.

180 1183 56 19 1882
250 1183 6 19 i
270 1183 156 26 ridderskapet
439 1185 43 20 och
495 1185 66 20 adeln.
579 1183 44 26 (för
635 1185 44 20 adl.
692 1186 63 19 ätten

148 1209 117 27 Armfelt).
299 1213 99 21 Elektor.
433 1214 65 21 Ordf.
521 1215 2 20 i
542 1215 56 25 Lag-
617 1215 44 20 och
680 1215 73 20 Ekon.

149 1241 59 20 utsk.
228 1242 54 20 Led.
294 1243 5 20 i
311 1243 105 27 Värnepl.
429 1245 58 20 utsk.
503 1242 35 26 (fr.
551 1245 27 20 26
590 1242 65 28 maj).
675 1245 77 26 Suppl.

148 1271 6 20 i
170 1271 122 22 Statsutsk.
310 1270 36 27 (fr.
363 1275 9 18 1
388 1272 69 27 juni).
487 1275 52 20 Led.
555 1275 6 20 i
576 1275 111 20 förstärkt
701 1275 52 20 Bev.

147 1301 60 20 utsk.
236 1302 153 21 Bankrevisor
403 1303 35 21 för
452 1304 156 26 ridderskapet
622 1305 43 20 och
679 1305 73 20 adeln.

147 1331 178 27 Ridderskapets
345 1334 44 19 och
409 1335 78 19 adelns
507 1335 74 25 suppl.
602 1335 6 20 i
630 1335 122 25 Krönings-

147 1361 171 25 deputationen.

179 1391 55 20 1885
250 1391 6 20 i
269 1391 157 27 ridderskapet
439 1394 43 19 och
495 1395 65 19 adeln
577 1391 44 26 (för
633 1395 44 19 adl.
691 1395 63 19 ätten

147 1418 117 27 Armfelt).
283 1422 78 26 Suppl.
377 1422 2 20 i
391 1423 55 25 Lag-
459 1424 42 19 och
512 1424 74 20 Ekon.
598 1424 59 20 utsk.
678 1424 74 20 Bank-

146 1450 88 20 revisor
250 1450 35 21 för
301 1452 158 26 ridderskapet
474 1454 42 20 och
533 1454 73 20 adeln.

179 1480 55 20 1894
248 1480 7 20 i
267 1481 157 27 ridderskapet
437 1484 41 19 och
493 1484 66 19 adeln
577 1481 43 25 (för
634 1484 43 20 adl.
691 1485 62 19 ätten

146 1507 117 27 Armfelt).

143 1554 110 27 Armfelt,
271 1555 92 29 August
379 1556 84 28 Philip,

145 1592 105 25 friherre,
269 1594 16 20 f.
304 1595 62 24 1768,
385 1593 14 24 4
419 1596 62 20 1839.
515 1593 178 29 Öfveradjutant
710 1597 42 19 hos

144 1622 127 26 konungen
284 1624 42 20 och
340 1625 75 25 major
428 1626 7 20 i
449 1626 78 20 armén
544 1627 62 19 1790.
637 1623 113 24 Öfverste-

145 1652 100 26 löjtnant
257 1653 7 20 i
275 1654 79 20 armén
366 1655 43 20 och
421 1656 197 26 generaladjutant
631 1656 23 20 af
665 1656 87 26 flygeln

146 1682 64 24 1792;
227 1682 81 22 afsked
326 1685 62 19 1795.
419 1686 91 26 Verklig
524 1686 175 21 kammarherre
713 1686 39 20 vid

144 1711 122 27 kejserliga
280 1714 69 25 ryska
363 1714 79 22 hofvet
459 1716 61 20 1819.

793 151 100 23 (Armfelt,
907 151 78 23 August
998 151 80 23 Philip,)

826 203 56 20 1809
896 202 6 20 i
917 202 159 26 ridderskapet
1089 204 43 19 och
1147 204 73 20 adeln.

796 232 26 20 20
837 230 69 28 juni).

796 263 42 19 och
853 262 6 20 i
875 262 69 20 Ensk.
960 263 56 25 Exp.
1033 263 58 20 utsk.
1107 270 39 14 n:o
1162 264 18 19 2.

792 318 108 27 Armfelt,
918 318 54 23 Carl
989 319 141 26 Alexander,

794 357 82 26 grefve,
897 358 15 20 f.
935 358 61 20 1850.
1033 358 291 26 Expeditionssekreterare
1343 359 6 20 i
1370 358 27 20 H.

794 387 54 21 M:ts
885 388 74 20 kansli
999 388 35 20 för
1072 388 106 24 Finland,
1218 388 179 20 kammarherre.
1413 412 2 2 '

794 418 24 20 T.
847 417 15 20 f.
891 417 392 27 ministerstatssekreterareadjoint
1313 418 85 20 1900—

795 448 62 23 1901,
883 447 147 20 hofmästare.
1059 441 7 35 =
1072 448 154 20 Innehafvare
1251 448 24 20 af
1301 445 96 23 Äminne

793 477 175 20 fideikommiss.

824 507 56 20 1894
895 507 6 20 i
917 507 158 26 ridderskapet
1090 508 44 20 och
1148 508 74 20 adeln.
1253 508 54 20 Led.
1323 508 6 20 i
1345 507 52 21 Rid-

793 537 64 20 darh.
870 537 60 20 utsk.
948 534 36 27 (fr.
999 538 11 19 7
1024 535 65 28 maj).

825 567 54 20 1897
895 567 6 20 i
917 567 157 26 ridderskapet
1090 568 43 20 och
1150 568 73 20 adeln.
1255 568 52 20 Led.
1323 568 6 20 i
1345 567 51 21 Rid-

792 597 64 20 darh.
872 597 60 20 utsk.

824 625 91 28 1904/05
937 627 7 20 i
964 627 157 26 ridderskapet
1142 629 43 18 och
1206 628 73 20 adeln.
1316 628 52 20 Led.
1390 627 6 20 i

793 657 73 20 Ekon.
880 657 60 21 utsk.

823 685 92 27 1905/06
933 687 6 20 i
955 687 157 26 ridderskapet
1129 688 43 20 och
1190 688 73 20 adeln.
1296 687 99 20 Elektor.

789 749 107 26 Armfelt,
914 749 54 23 Carl
985 749 93 29 August
1094 749 119 24 Reinhold
1230 750 65 27 Lars,

791 788 83 26 grefve,
891 788 15 21 f.
925 789 62 20 1862.
1020 788 134 27 Godsägare.

823 819 55 20 1894
890 818 6 20 i
910 818 157 27 ridderskapet
1081 819 42 20 och
1137 819 68 20 adeln
1220 816 43 26 (för
1277 820 42 19 adl.
1334 820 61 20 ätten

791 845 164 29 Gripenwald).

788 911 108 26 Armfelt,
914 911 54 22 Carl
986 911 90 28 Eugen,

790 949 83 26 grefve,
889 949 15 21 f.
922 951 62 23 1863,
1000 947 14 25 T
1031 950 61 21 1908.
1124 950 111 21 Arkitekt.

821 980 54 20 1891
894 980 6 19 i
918 979 158 27 ridderskapet
1093 981 43 19 och
1154 981 73 19 adeln.

787 1036 107 25 Armfelt,
912 1036 54 23 Carl
982 1037 87 24 Johan,

790 1075 15 20 f.
818 1076 62 23 1764,
893 1073 15 24 t
922 1076 62 19 1819.
1003 1075 109 26 Löjtnant
1124 1075 40 21 vid
1174 1075 218 26 änkedrottningens

790 1105 161 25 lifregemente,
966 1105 80 20 afsked
1063 1105 62 20 1790.

821 1135 55 20 1809
887 1135 6 20 i
904 1135 158 25 ridderskapet
1073 1135 42 20 och
1126 1135 74 20 adeln.

791 1165 23 19 11
831 1164 32 20 till
880 1165 26 20 18
920 1162 76 28 april).

1227 1135 92 20 Elektor
1334 1132 58 24 (frän

786 1221 108 26 Armfelt,
912 1220 54 23 Carl
984 1221 100 28 Magnus
1101 1221 110 27 Mauritz,

788 1259 83 26 grefve,
885 1259 15 20 f.
918 1260 62 24 1836,
996 1257 14 25 $
1028 1260 61 21 1890.
1120 1260 156 21 Possessionat
1291 1260 30 26 pä
1335 1260 57 21 Rau-

788 1289 95 20 halinna
898 1289 5 20 i
919 1290 30 20 St.
964 1290 89 20 Karins.

820 1318 91 26 1863/64
930 1319 7 20 i
956 1319 158 26 ridderskapet
1134 1320 42 20 och
1196 1320 69 20 adeln
1285 1317 45 26 (för
1349 1321 42 19 adl.
1408 1320 2 32 |

788 1350 62 19 ätten
864 1347 204 28 Glansenstjerna).

785 1405 109 26 Armfelt,
912 1405 91 27 Gustaf,

788 1444 82 26 grefve,
882 1444 16 20 f.
912 1444 62 24 1848,
986 1442 14 24 i
1014 1445 62 19 1887.
1096 1444 153 20 Innehafvare
1261 1444 24 20 af
1295 1440 98 24 Åminne

788 1474 174 20 fideikommiss.

819 1504 54 20 1882
888 1504 6 19 i
910 1504 159 26 ridderskapet
1084 1504 43 20 och
1142 1504 74 20 adeln.

784 1560 109 26 Armfelt,
910 1560 86 22 Gustaf
1010 1560 111 22 Wilhelm
1138 1560 96 27 Arthur,

786 1598 83 26 grefve,
887 1598 15 20 f.
922 1599 62 24 1821,
1002 1596 14 25 T
1036 1599 62 20 1880.
1132 1595 105 25 Öfverste
1254 1600 43 19 och
1314 1599 77 26 flygel-

786 1628 112 26 adjutant.
926 1628 173 26 Generalmajor
1112 1629 63 20 1870.
1204 1629 152 21 Innehafvare
1369 1630 23 19 af

786 1654 97 24 Äminne
900 1658 174 20 fideikommiss.

817 1685 92 27 1863/64
925 1688 6 20 i
948 1688 157 26 ridderskapet
1122 1688 43 20 och
1182 1688 73 20 adeln.

785 1717 109 20 Riddarh.
909 1717 60 21 utsk.

1289 1688 78 26 Suppl.
1385 1688 6 19 i

1251 204 94 20 Elektor
1363 200 35 27 (fr.

936 232 54 21 Led.
1006 233 6 20 i
1029 232 109 21 Riddarh.
1154 233 60 21 utsk.
1234 230 35 27 (fr.
1287 234 27 20 26
1330 230 65 29 april)
1415 229 1 22 |
