1486 1870
624 81 155 24 Personregister.

1319 81 35 18 305

89 154 132 23 (Lagerborg,
235 153 44 19 Carl
293 153 104 24 Hjalmar,)

123 207 54 20 1897
190 205 7 21 i
207 205 158 26 ridderskapet
375 205 43 21 och
430 205 67 21 adeln
512 202 45 28 (för
568 205 53 21 frih.
634 206 62 20 ätten

91 232 149 28 Rehbinder).
692 239 2 2 ;

124 267 55 19 1899
190 265 6 20 i
208 265 157 26 ridderskapet
376 265 43 21 och
431 265 66 21 adeln
513 262 45 28 (för
568 265 53 21 frih.
634 266 61 20 ätten

92 292 149 27 Rehbinder).

124 325 55 21 1900
197 322 41 27 (till
252 326 28 19 20
293 322 70 28 mars)
380 325 7 20 i
399 325 158 26 ridderskapet
572 325 43 21 och
630 325 65 21 adeln

96 353 44 26 (för
157 355 53 20 frih.
227 355 62 21 ätten
306 352 149 27 Rehbinder).

91 411 146 28 Lagerborg,
254 411 89 24 Robert
360 411 65 27 Olof,

93 451 16 20 f.
129 451 62 23 1835,
209 448 14 24 T
242 451 62 19 1882.
337 450 96 26 Kapten,
452 450 107 20 redaktör
576 450 36 20 för
632 450 64 20 »Hel-

94 480 97 26 singfors
210 480 124 26 Dagblad».

125 508 91 27 1863/64
233 510 7 20 i
256 510 157 26 ridderskapet
430 510 43 20 och
491 510 73 20 adeln.
596 509 100 21 Elektor.

95 540 52 20 Led.
160 540 6 20 i
178 540 67 20 Allm.
256 540 63 20 Besv.
331 540 60 20 utsk.
404 540 43 20 och
459 540 6 20 i
477 540 71 20 Ensk.
560 540 64 20 Besv.
636 539 60 21 utsk.

125 570 55 20 1872
206 569 6 21 i
238 569 157 27 ridderskapet
421 570 43 20 och
489 570 73 20 adeln.
597 570 100 20 Elektor.

95 600 52 20 Led.
171 600 2 20 i
192 600 211 24 Kommunalutsk.;
421 600 7 20 i
447 600 57 20 Just.
523 600 60 20 utsk.
603 600 43 20 och
664 601 34 19 tre

95 629 82 26 gånger
193 631 6 21 i
215 630 63 20 först.
308 630 120 20 Statsutsk.

126 658 91 27 1877/78
234 659 7 21 i
257 660 158 26 ridderskapet
431 660 44 20 och
492 660 72 21 adeln.
597 660 100 20 Elektor.

95 690 53 20 Led.
162 689 7 21 i
182 689 63 21 först.
259 689 118 26 Lagutsk.;
391 689 6 21 i
411 689 64 21 först.
489 690 73 21 Ekon.
577 690 69 24 utsk.;
661 689 37 22 tvä

95 719 83 26 gånger
189 719 7 21 i
207 719 63 21 först.
282 720 130 24 Statsutsk.;
425 719 6 21 i
443 719 63 21 först.
518 720 53 20 Bev.
583 720 59 21 utsk.
655 720 43 21 och

96 749 6 20 i
118 749 63 21 först.
198 749 56 26 Lag-
270 750 43 20 och
329 749 73 21 Ekon.
419 750 59 20 utsk.

127 780 54 20 1882
196 779 7 20 i
216 779 157 26 ridderskapet
387 780 43 20 och
444 780 73 20 adeln.
546 779 94 21 Elektor
657 777 41 27 (till

96 809 25 20 21
137 806 76 28 febr.).
241 809 176 26 Ridderskapets
433 810 43 20 och
490 810 78 20 adelns
582 809 116 21 bankfull-

96 839 93 26 mäktig.

94 895 145 29 Lagerborg,
256 895 55 24 Rolf
329 895 111 23 Herlbert
456 895 114 28 Hjalmar,

97 934 15 21 f.
131 935 62 20 1874.
225 934 110 21 Filosofie
351 935 88 20 doktor.
473 935 87 20 Docent
578 935 62 21 1909.

128 962 92 28 1905/06
238 966 7 20 i
261 964 158 26 ridderskapet
437 965 42 20 och
498 965 73 20 adeln.

96 1020 118 28 Lagerlöf,
231 1020 79 23 Johan
326 1020 79 28 Artur,

97 1060 15 20 f.
132 1060 62 20 1860.
226 1060 183 26 Jurisutriusgue
423 1060 117 24 kandidat,
558 1060 142 20 vicehärads-

97 1089 103 26 höfding.
231 1090 84 20 Lärare
331 1090 38 20 vid
385 1089 137 21 Brahestads
539 1090 162 21 handelsskola

100 1120 150 20 1897—1900.
286 1119 140 25 Affärsman,
446 1120 115 25 bergsräd.

129 1150 56 20 1900
200 1149 131 26 fullmäktig
345 1149 36 21 för
396 1150 133 20 Brahestad.
559 1150 143 20 Sekreterare

99 1179 5 20 i
123 1179 125 21 Bankutsk.

97 1235 168 29 Lagermarck,
282 1235 94 29 August
393 1235 56 23 Carl
466 1236 83 27 Adam,

99 1274 15 21 f.
133 1276 62 19 1851.
227 1274 268 22 Vicelandssekreterare.
528 1275 174 21 Landssekrete-

99 1311 51 14 rare
167 1304 6 21 i
193 1305 101 25 Nylands
311 1305 37 20 län
368 1305 152 21 1900—1902.

131 1335 53 20 1891
202 1334 7 20 i
225 1334 158 26 ridderskapet
400 1335 42 20 och
460 1335 73 20 adeln.

129 1365 55 19 1897
201 1364 7 20 i
224 1364 159 26 ridderskapet
399 1365 43 20 och
459 1365 73 20 adeln.

131 1392 92 27 1905/06
239 1394 6 20 i
262 1394 159 26 ridderskapet
437 1395 43 20 och
497 1395 73 20 adeln.

98 1449 168 29 Lagermarck,
284 1449 55 23 Carl
356 1449 92 28 Gustaf,

100 1488 15 21 f.
131 1489 62 24 1770,
209 1486 14 25 I
240 1490 62 20 1825.
332 1489 152 26 Stabskapten
499 1489 37 21 vid
552 1489 152 26 Björneborgs

100 1520 128 24 regemente
241 1520 62 20 1799.
322 1518 85 22 Afsked
419 1519 75 21 såsom
504 1520 85 25 kapten
600 1519 6 21 i
618 1519 85 21 armén.

132 1548 55 21 1809
204 1548 6 20 i
228 1548 159 26 ridderskapet
403 1549 44 20 och
465 1549 73 21 adeln.

99 1598 147 28 Lagerstedt,
263 1599 99 22 Fredrik
378 1599 120 27 Wilhelm,

101 1638 15 20 f.
135 1638 62 24 1836,
223 1635 7 25 $
250 1638 62 20 1904.
346 1637 130 27 Godsägare
493 1638 5 21 i
517 1638 81 26 Lappo
614 1638 90 20 socken.

101 1668 190 20 Kommunalräd.

133 1698 54 20 1882
203 1697 131 25 fullmäktig
349 1697 36 21 för
399 1697 71 21 Alavo
485 1698 115 25 domsaga.

102 1727 73 20 Fkon.
191 1727 59 20 utsk.
268 1727 43 20 och
328 1727 4 20 i
349 1726 64 21 först.
429 1728 52 20 Bev.
498 1727 60 21 utsk.

630 1698 53 20 Led.
699 1697 6 19 i

727 154 135 24 (Lagerstedt,
874 153 84 19 Fredrik
970 153 108 24 Wilhelm,)

760 207 55 20 1885
831 205 132 26 fullmäktig
978 205 36 21 för
1029 205 71 20 Alavo
1116 205 117 26 domsaga.
1256 205 78 26 Suppl.

729 237 6 20 i
751 236 175 21 Talmanskonf.
958 235 100 21 Elektor.
1090 235 53 20 Led.
1161 235 6 20 i
1184 235 74 20 Ekon.
1274 235 61 20 utsk.

730 266 43 21 och
794 265 37 22 två
851 265 83 26 gånger
956 265 8 21 i
984 265 63 21 först.
1069 265 122 20 Statsutsk.
1229 265 79 26 Suppl.
1329 264 5 21 i

730 296 63 21 först.
811 296 121 21 Statsutsk.

761 327 55 20 1888
830 325 132 26 fullmäktig
976 325 35 20 för
1024 325 73 20 Alavo
1109 325 118 26 domsaga.
1256 325 79 26 Suppl.

730 356 6 20 i
751 355 176 21 Talmanskonf.
958 355 100 21 Elektor.
1075 355 54 21 Led.
1149 356 3 21 i
1168 355 108 26 Lagutsk.
1293 354 43 21 och

730 386 6 20 i
752 386 63 21 först.
833 385 121 21 Statsutsk.

762 417 52 19 1891
831 415 132 26 fullmäktig
976 415 36 20 för
1024 415 73 20 Alavo
1110 415 117 25 domsaga.

731 446 5 20 i
753 445 175 21 Talmanskonf.
959 445 100 21 Elektor.

731 476 42 19 och
790 475 5 21 i
812 475 64 21 först.
892 475 52 20 Bev.
961 475 60 20 utsk.

762 506 55 20 1894
833 504 133 26 fullmäktig
981 504 36 21 för
1033 504 72 21 Alavo
1121 505 117 25 domsaga.
1270 504 66 20 Elek-

731 537 41 19 tor.
809 536 53 20 Led.
882 535 7 20 i
910 535 74 20 Ekon.
1004 534 70 24 utsk.;
1095 534 7 20 i
1124 534 131 21 Hästutskr.
1276 534 60 21 utsk.

732 566 42 19 och
792 565 6 20 i
815 565 64 21 först.
897 564 108 26 Lagutsk.

763 596 54 20 1897
837 594 132 26 fullmäktig
987 594 36 21 för
1041 594 72 21 Alavo
1132 595 116 25 domsaga.
1283 594 53 20 Led.

732 625 5 20 i
754 624 175 21 Talmanskonf.
961 624 100 21 Elektor.
1092 624 54 21 Led.
1163 624 8 21 i
1187 624 73 21 Ekon.
1277 624 59 20 utsk.

763 656 55 20 1899
832 654 132 27 fullmäktig
978 654 35 21 för
1027 654 72 21 Alavo
1112 655 117 25 domsaga.
1259 654 77 26 Suppl.

732 687 5 20 i
755 685 175 21 Talmanskonf.
963 685 100 20 Elektor.
1097 685 78 26 Suppl
1193 685 7 20 i
1217 684 120 21 Statsutsk.

764 715 55 21 1900
833 715 132 26 fullmäktig
979 715 35 20 för
1028 715 71 20 Alavo
1113 715 117 25 domsaga.
1259 713 78 27 Suppl.

733 745 5 20 i
755 745 175 21 Talmanskonf.
961 745 100 20 Elektor.
1093 745 54 20 Led.
1164 745 7 20 i
1188 744 73 21 Ekon.
1278 743 59 22 utsk.

1258 414 78 27 Suppl.

1091 445 54 20 Led.
1162 445 6 20 i
1186 445 73 20 Ekon.
1276 444 60 21 utsk.

732 809 147 28 Lagerstedt,
896 807 78 29 (1906:
991 807 165 29 Lahdensuo),
1171 807 62 22 Juho
1244 807 95 26 Oskari,

734 848 14 20 f.
768 848 62 21 1864.
864 847 208 21 Landthushällare
1090 847 6 20 i
1114 847 87 26 Lappo.

765 881 92 27 1904/05
873 883 132 26 fullmäktig
1021 883 36 20 för
1074 883 73 20 Alavo
1163 883 115 25 domsaga.

765 918 93 27 1905/06
874 919 133 26 fullmäktig
1023 919 36 20 för
1075 918 73 21 Alavo
1164 919 115 25 domsaga.

734 981 162 29 Lagerström,
914 982 54 22 Carl
986 981 93 27 Gustaf,

735 1021 14 21 f.
769 1022 63 24 1842,
850 1018 16 26 t
885 1022 62 20 1914.
979 1020 210 21 Landthushällare
1205 1020 6 20 i
1230 1019 110 26 Degerby.

767 1058 54 20 1894
849 1057 133 26 fullmäktig
1008 1056 36 21 för
1069 1056 128 26 Raseborgs
1225 1056 115 25 domsaga.

736 1088 78 25 Suppl.
831 1087 7 21 i
855 1087 127 21 Bankutsk.

767 1124 54 20 1897
850 1123 132 25 fullmäktig
1008 1122 36 21 för
1071 1122 127 26 Raseborgs
1225 1122 115 25 domsaga.

736 1154 78 25 Suppl.
832 1153 7 21 i
855 1153 53 21 Bev.
925 1153 60 20 utsk.

767 1190 56 20 1899
835 1189 132 26 fullmäktig
979 1188 36 21 för
1026 1188 127 26 Raseborgs
1165 1189 116 24 domsaga.

735 1252 86 28 Lagus,
837 1252 136 22 Alexander
989 1251 106 27 Gabriel,

737 1292 14 20 f.
771 1292 62 24 1856,
851 1288 15 26 +
886 1292 62 20 1912.

737 1323 66 19 stare.

768 1356 92 27 1904/05
880 1357 6 21 i
906 1356 158 26 ridderskapet
1083 1357 43 20 och
1145 1356 74 21 adeln.

769 1392 93 27 1905/06
879 1393 6 20 i
905 1393 159 26 ridderskapet
1083 1393 42 20 och
1145 1392 73 21 adeln.

980 1290 109 21 Filosofie
1105 1290 113 26 magister,
1236 1289 105 21 forstmä-

735 1457 86 27 Lagus,
837 1455 72 23 Ernst
923 1455 120 27 Wilhelm,

738 1502 15 20 f.
774 1502 63 20 1859.
872 1501 109 21 Filosofie
999 1500 114 26 magister,
1133 1499 158 21 föreståndare
1308 1498 36 20 för

738 1532 88 25 privata
844 1531 98 21 svenska
958 1530 243 21 fruntimmersskolan
1216 1530 7 20 i
1239 1528 105 26 Helsing-

739 1562 46 20 fors
803 1562 62 20 1892.

771 1597 53 20 1891
841 1598 6 20 i
863 1596 158 26 ridderskapet
1038 1596 42 21 och
1097 1596 67 20 adeln
1183 1592 44 27 (för
1243 1595 61 20 ätten
1322 1593 24 21 af

740 1623 154 28 Tengström).
930 1626 77 26 Suppl.
1028 1626 7 20 i
1054 1626 66 20 Allm.
1141 1626 64 20 Besv.
1224 1624 60 21 utsk.
1308 1621 36 27 (fr.

740 1657 25 19 21
784 1653 76 27 febr.).

771 1692 56 20 1899
847 1692 7 20 i
874 1691 159 26 ridderskapet
1053 1692 42 20 och
1115 1691 73 21 adeln.

774 1728 53 20 1900
849 1728 5 20 i
874 1727 158 25 ridderskapet
1053 1728 42 19 och
1116 1727 73 20 adeln.
