1492 1870
156 81 35 18 264

732 81 155 25 Personregister.

156 144 1 30 |
178 153 143 24 (Gripenberg,
335 154 66 19 Johan
415 155 56 18 Ulrik
483 155 122 22 Sebastian,)

213 203 92 28 1863/64
324 206 7 21 i
350 206 159 27 ridderskapet
527 207 44 21 och
590 207 67 21 adeln
679 205 44 26 (för
741 207 45 21 adl.

180 235 62 20 ätten
260 234 187 28 Langenskiöld).
479 237 181 26 Elektorssuppi.

154 305 2 20 ;
177 291 158 30 Gripenberg,
355 292 132 28 Johannes,

180 330 105 25 friherre,
301 331 14 20 f.
334 332 63 25 1842,
413 329 14 26 t
446 333 62 20 1893.
540 332 140 21 Biträdande
695 332 90 27 expedi-

179 360 203 22 tionssekreterare
404 362 37 21 vid
466 362 76 21 finska
565 362 219 21 statssekretariatet.

180 389 119 22 Guvernör
310 391 6 20 i
329 391 30 21 St.
372 391 95 22 Michels
479 393 37 20 län
531 393 62 20 1889.
613 392 95 21 Senator
721 393 63 20 1891.

211 421 57 20 1872
285 421 7 20 i
308 421 159 27 ridderskapet
483 422 44 21 och
545 422 73 21 adeln.

211 448 92 28 1877/78
323 452 7 20 i
351 451 158 27 ridderskapet
529 453 43 19 och
593 453 73 19 adeln.

180 479 63 21 först.
261 480 119 22 Statsutsk.

210 510 56 20 1891
280 510 6 20 i
299 510 158 28 ridderskapet
470 512 43 20 och
526 512 73 20 adeln.

178 539 42 20 och
235 539 74 21 Ekon.
324 541 60 20 utsk.

174 583 159 30 Gripenberg,
350 586 56 23 Klas
422 586 81 22 Alexis
521 586 151 27 Konstantin,

178 623 14 20 f.
207 624 64 20 1852.
297 623 237 29 Vicehäradshöfding
546 626 62 20 1878.
636 622 145 24 Öfverdirek-

177 654 35 19 tör
228 653 7 20 i
253 653 235 28 fängvärdsstyrelsen
506 656 142 21 1891—1901
666 656 43 20 och
727 656 56 20 1906

176 684 97 20 —1911.
301 685 101 26 Verkligt
417 685 104 21 statsräd.

209 713 58 21 1882
278 713 6 21 i
295 714 157 27 ridderskapet
465 716 42 20 och
518 716 66 20 adeln
600 713 44 26 (för
656 715 53 21 frih.
721 716 61 19 ätten

179 741 174 28 Stjerncrantz).
389 745 94 21 Elektor
507 743 36 27 (fr.
567 746 9 19 1
597 743 69 28 juni).
702 745 53 21 Led.
777 745 6 20 i

178 772 58 21 Just.
251 773 58 21 utsk.
325 771 36 27 (fr.
375 775 12 20 2
399 772 69 29 juni).
497 775 78 26 Suppl.
588 776 43 20 och
645 775 139 21 sekreterare

175 802 6 20 i
194 802 58 27 Lag-
265 804 42 19 och
320 804 73 21 Ekon.
407 805 60 20 utsk.
488 805 78 26 Suppl.
579 807 7 20 i
598 805 109 20 Riddarh.
720 805 60 20 utsk.

176 832 54 21 Led.
247 833 8 20 i
270 833 62 21 först.
348 834 52 21 Bev.
417 835 59 20 utsk.

208 863 74 20 1885
268 858 14 37 i
293 863 157 28 ridderskapet
463 865 41 20 och
517 865 65 20 adeln
598 862 44 27 (för
653 865 53 20 frih.
719 866 61 19 ätten

175 890 140 27 Indrenius).
347 893 54 22 Led.
419 895 6 20 i
442 894 67 21 Allm.
527 895 64 20 Besv.
609 895 59 20 utsk.
701 895 79 26 Suppl.

175 921 7 20 i
198 921 59 27 Lag-
274 923 41 20 och
332 923 74 21 Ekon.
424 925 59 19 utsk.

206 952 58 20 1888
287 952 6 20 i
316 952 159 28 ridderskapet
497 955 43 19 och
564 955 73 20 adeln.
671 954 78 26 Suppl.
774 954 6 20 i

174 980 68 21 Allm.
256 982 62 20 Besv.
329 983 60 20 utsk.
405 980 36 27 (fr.
461 985 4 19 2
476 982 55 28 maj)
547 985 42 19 och
601 984 7 20 i
620 984 63 20 först.
710 984 69 21 Stats-

174 1011 59 21 utsk.

205 1041 57 20 1894
275 1041 5 20 i
293 1042 158 27 ridderskapet
464 1044 42 20 och
520 1044 66 20 adeln
603 1041 44 27 (för
660 1044 44 21 adl.
717 1045 62 19 ätten

174 1076 40 14 n:o
226 1072 43 19 225
282 1070 116 27 Etholen).
425 1073 53 21 Led.
492 1074 6 20 i
511 1074 54 26 Lag-
578 1074 43 20 och
634 1074 73 21 Ekon.
719 1074 59 21 utsk.

176 1097 36 27 (fr.
230 1100 28 20 31
278 1099 79 27 mars).

204 1130 57 20 1897
273 1132 7 20 i
291 1131 157 27 ridderskapet
461 1134 41 20 och
514 1134 66 20 adeln
596 1131 44 27 (för
652 1134 53 20 frih.
717 1135 61 20 ätten

173 1157 98 27 Meilin).
299 1161 99 21 Elektor.
425 1163 54 20 Led.
491 1163 7 20 i
509 1164 55 25 Lag-
577 1164 42 20 och
631 1164 74 20 Ekon.
718 1164 60 20 utsk.

176 1186 35 27 (fr.
228 1190 13 20 8
259 1188 65 28 apr.).
356 1191 65 21 Ordf.
438 1192 7 21 i
460 1193 108 21 Riddarh.
585 1194 59 20 utsk.
676 1194 79 26 Suppl.
771 1194 7 20 i

172 1218 121 27 Spräkpet.
309 1221 60 21 utsk.
401 1222 52 20 Led.
469 1223 6 19 i
491 1223 63 21 först.
571 1224 121 20 Statsutsk.

203 1250 58 20 1899
284 1250 7 20 i
314 1250 158 28 ridderskapet
497 1253 42 20 och
564 1254 73 20 adeln.
676 1253 101 21 Elektor.

172 1278 81 26 Suppl.
271 1279 6 21 i
293 1280 57 21 Just.
368 1282 59 20 utsk.
449 1279 36 27 (fr.
503 1283 26 20 25
546 1280 66 29 maj).

203 1309 58 20 1900
272 1309 6 21 i
289 1310 157 28 ridderskapet
459 1312 42 20 och
513 1313 65 20 adeln
594 1310 45 27 (för
650 1313 53 21 frih.
715 1314 62 20 ätten

171 1336 99 27 Mellin).
301 1339 100 22 Elektor.
433 1342 53 20 Led.
503 1342 7 20 i
525 1342 57 26 Exp.
599 1342 60 21 utsk.

202 1367 93 27 1904/05
313 1371 8 20 i
337 1370 158 28 ridderskapet
513 1372 43 20 och
573 1372 69 21 adeln
661 1370 45 27 (för
723 1373 53 20 frih.

170 1397 62 20 ätten
252 1396 95 27 Mellin).
381 1400 80 27 Suppl.
478 1401 7 20 i
501 1402 175 21 Talmanskonf.
709 1402 67 21 Elek-

170 1428 42 19 tor.
234 1427 79 27 Suppl.
326 1429 6 20 i
345 1429 122 22 Statsutsk.
488 1431 52 21 Led.
554 1431 6 20 i
573 1431 64 21 först.
650 1432 52 20 Bev.
716 1432 60 21 utsk.

201 1455 94 28 1905/06
312 1458 7 21 i
337 1459 159 27 ridderskapet
512 1461 43 21 och
572 1461 67 21 adeln
661 1459 44 27 (för
722 1462 54 20 frih.

169 1487 62 20 ätten
244 1486 96 27 Mellin).
367 1489 246 23 Vicelandtmarskalk.
641 1492 53 20 Led.
706 1492 7 20 i
725 1492 51 20 Tal-

169 1516 134 22 manskonf.
336 1518 65 22 Ordf.
419 1520 37 20 för
472 1520 155 22 Elektorerne.
661 1522 52 20 Led.
733 1522 43 20 och

172 1542 36 27 (fr.
226 1547 10 19 1
253 1552 50 21 aug.
320 1546 64 28 1906)
402 1550 59 20 ordf.
475 1550 8 20 i
498 1550 120 21 Statsutsk.

166 1590 160 30 Gripenberg,
343 1593 77 23 Odert
436 1594 133 28 Sebastian,

169 1629 105 26 friherre,
288 1631 15 21 f.
318 1632 63 21 1850.
411 1630 172 25 Öfverdirektör
595 1635 7 20 i
615 1636 111 25 styrelsen
739 1635 37 20 för

168 1659 120 22 allmänna
307 1661 170 27 byggnaderna.
506 1664 95 21 Senator
623 1665 151 21 1904—1905.

199 1690 58 20 1882
271 1690 179 24 bondeständets
463 1694 73 26 suppl.
551 1694 6 20 i
573 1694 201 21 Ständerhusdele-

167 1718 116 25 gationen.

703 451 53 21 Led.
778 451 6 20 i

628 512 65 20 Ordf.
707 512 7 20 i
727 512 56 26 Lag-

819 154 141 24 (Gripenberg,
972 155 64 18 Odert
1049 154 122 23 Sebastian,)

853 207 55 20 1885
922 206 178 21 bondeständets
1114 207 74 26 suppl.
1204 206 5 21 i
1224 206 201 21 Ständerhusdele-
1442 210 1 29 |

822 236 112 27 gationen.

853 267 53 20 1891
931 267 6 20 i
961 266 159 27 ridderskapet
1143 267 43 20 och
1210 266 66 21 adeln
1296 264 45 27 (för
1364 267 61 19 ätten

822 293 143 28 Schulman).

852 327 56 20 1894
923 326 7 21 i
946 326 158 26 ridderskapet
1120 327 44 20 och
1180 327 73 20 adeln.

820 357 49 20 dets
882 357 99 20 medlem
997 356 7 21 i
1018 356 262 26 Antells-delegationen.

1285 325 140 22 Bondestän-

852 387 54 20 1897
923 386 7 20 i
946 386 158 26 ridderskapet
1120 387 43 20 och
1180 387 73 20 adeln.
1285 385 139 21 Bondestän-
1441 413 1 3 |

820 416 49 21 dets
884 416 74 26 suppl.
975 416 6 20 i
998 416 261 26 Antells-delegationen.
1441 417 1 9 |

852 446 55 21 1899
922 446 6 20 i
944 445 158 27 ridderskapet
1117 446 43 21 och
1176 446 73 21 adeln.
1440 450 1 4 |

850 476 56 20 1900
928 476 7 20 i
957 475 159 27 ridderskapet
1136 476 44 20 och
1203 476 73 20 adeln.
1315 475 78 26 Suppl
1417 474 6 21 i

819 505 77 21 Järnv.
919 505 59 21 utsk.
1000 505 181 21 Bondeständets
1204 506 73 26 suppl.
1299 506 7 20 i
1328 505 95 21 Antells-

819 535 163 27 delegationen.

816 591 157 29 Gripenberg,
991 591 90 25 Robert
1099 592 79 22 Johan
1195 592 91 26 Gustaf,

819 631 13 20 f.
853 631 62 21 1849.
948 630 291 27 Trafikdirektörsadjoint.

850 661 55 21 1894
919 661 7 20 i
939 661 158 26 ridderskapet
1111 661 43 21 och
1168 661 67 21 adeln
1253 658 35 27 (fr.
1306 662 25 19 15
1346 658 75 27 febr.).
1439 683 1 6 |

850 691 54 20 1897
928 691 7 20 i
958 691 159 26 ridderskapet
1140 691 43 20 och
1207 691 73 21 adeln.
1313 691 78 26 Suppl.
1416 690 6 21 i

818 721 78 20 Järnv.
915 721 59 20 utsk.

816 777 143 27 Grotenfelt,
976 777 78 27 Adolf,

818 816 15 20 f.
848 817 62 23 1828,
922 813 15 26 T
952 817 61 20 1892.
1041 815 296 22 Universitetssekreterare.
1365 815 56 22 Hof-

817 845 99 21 rättsråd
934 846 1 20 i
948 845 96 26 Wiborg
1059 846 62 20 1870.
1151 842 174 24 Öfverdirektör
1337 846 7 20 i
1357 845 64 26 fång-

817 875 185 26 vårdsstyrelsen.

848 904 91 27 1863/64
957 905 7 20 i
981 905 159 26 ridderskapet
1157 906 43 20 och
1218 906 65 20 adeln
1305 903 45 26 (för
1367 905 53 20 frih.
1437 928 1 3 |

1360 935 59 20 utsk.
1437 948 1 12 :

816 936 61 19 ätten
891 933 139 26 Tandefelt).
1059 935 101 21 Elektor.
1190 935 64 20 Ordf.
1268 935 7 20 i
1289 935 56 26 Exp.

815 964 53 21 Led.
885 964 7 20 i
908 964 107 26 Lagutsk.
1032 965 43 20 och
1090 965 7 20 i
1114 965 202 21 Ständerhusutsk.

847 995 55 20 1867
914 996 7 20 i
932 994 158 26 ridderskapet
1101 995 42 20 och
1156 995 65 20 adeln
1237 992 44 26 (för
1293 994 52 21 frih.

815 1024 127 20 Tandefelt.
974 1024 181 26 Elektorssuppl.
1180 1025 43 20 och
1250 1022 35 27 (fr.
1312 1026 25 19 16

815 1054 99 20 Elektor.
947 1054 53 21 Led.
1018 1054 6 20 i
1040 1054 108 26 Lagutsk.
1180 1054 64 21 Ordf.
1261 1054 7 20 i
1285 1054 56 26 Exp.

846 1084 56 20 1872
913 1084 7 20 i
931 1084 158 26 ridderskapet
1101 1084 43 20 och
1155 1084 68 20 adeln
1236 1081 45 27 (för
1292 1084 53 20 frih.

814 1110 138 28 Tandefelt).
985 1114 79 26 Suppl.
1082 1114 7 20 i
1106 1114 57 26 Exp.
1180 1114 60 20 utsk.
1261 1111 36 27 (fr.
1317 1115 26 19 18

814 1144 43 20 och
873 1143 7 21 i
898 1143 63 21 först.
980 1144 121 20 Statsutsk.

846 1174 55 20 1882
913 1173 7 21 i
930 1173 158 27 ridderskapet
1100 1174 43 20 och
1155 1174 66 20 adeln
1236 1171 44 27 (för
1292 1174 53 20 frih.
1357 1174 61 20 ätten

814 1200 138 28 Tandefelt).
974 1203 94 21 Elektor
1085 1200 36 27 (fr.
1136 1204 27 20 24
1177 1201 75 27 febr.).
1274 1204 53 20 Led.
1342 1204 7 20 i
1362 1204 56 25 Lag-

813 1232 59 21 utsk.

845 1263 55 20 1888
912 1262 6 20 i
930 1262 158 27 ridderskapet
1100 1263 42 20 och
1154 1264 67 20 adeln
1236 1260 44 27 (för
1291 1263 53 21 frih.
1357 1264 62 20 ätten

813 1289 138 27 Tandefelt).
981 1292 76 21 Led.i
1074 1292 169 26 Strafflagutsk.

1358 996 60 19 ätten

1361 1022 55 28 maj)

1359 1054 60 21 utsk.

1357 1085 63 19 ätten

1360 1111 55 29 maj)

810 1347 142 28 Grotenfelt,
968 1348 65 27 Arvi,

812 1386 14 21 f.
845 1388 62 19 1863.
938 1387 94 20 Docent.
1063 1387 119 20 Professor
1198 1387 6 20 i
1220 1387 93 20 filosofi.

843 1417 55 20 1894
911 1416 6 21 i
931 1416 157 27 ridderskapet
1102 1417 43 20 och
1159 1417 65 20 adeln
1242 1414 44 27 (för
1299 1417 61 21 ätten
1374 1417 42 20 Go-

812 1443 135 29 denhjelm).

843 1477 55 19 1897
921 1476 7 20 i
950 1476 159 26 ridderskapet
1132 1477 43 20 och
1200 1477 66 20 adeln
1287 1473 45 28 (för
1355 1478 61 19 ätten

811 1503 75 27 Rein).

843 1536 56 20 1899
914 1536 7 20 i
936 1536 159 26 ridderskapet
1110 1537 44 19 och
1170 1537 66 20 adeln
1256 1533 44 27 (för
1316 1537 62 20 ätten
1393 1536 24 21 af

812 1564 75 25 Ursin,
903 1567 64 19 utom
984 1565 28 21 fr.
1032 1566 26 20 19
1075 1566 33 20 till
1126 1567 27 19 25
1171 1563 65 29 maj).

808 1627 143 27 Grotenfelt,
967 1628 90 22 Berndt
1072 1628 85 28 Julius,

810 1666 15 20 f.
840 1667 62 20 1859.
931 1667 184 26 Jurisutriusgue
1127 1668 89 24 doktor,
1230 1668 186 20 vicehäradshöf-

809 1696 61 26 ding.
899 1696 341 27 Ledamot
1018 1692 12 36 i
1042 1696 198 27 lagberedningen.
1269 1698 146 20 Hofrättsräd

808 1725 7 21 i
833 1725 101 27 Wiborg.
967 1726 142 21 Prokurator
1128 1727 151 21 1905—1908.
