1492 1867
629 76 155 23 Personregister.

88 196 123 28 Federley,
229 196 56 22 Carl
301 196 96 27 Berndt,

91 235 15 21 f.
124 236 63 24 1844,
204 232 14 25 T
237 235 62 21 1906.
330 234 80 27 Kopist
427 235 5 21 i
449 237 106 19 senatens
569 235 124 26 justitiede-

65 277 2 20 |
90 266 128 25 partement
232 265 151 21 1869—1873.
404 265 143 21 Sekreterare
560 265 6 20 i
577 265 116 26 järnvägs-

66 303 1 25 |
91 295 109 25 styrelsen
218 295 62 24 1877,
296 294 166 26 byrådirektör.

122 325 55 20 1872
195 324 139 21 sekreterare
349 324 7 20 i
373 324 127 21 Bankutsk.

122 355 55 19 1882
208 354 131 26 fullmäktig
368 354 35 20 för
433 355 79 19 staden
543 354 151 20 Mariehamn.

92 383 64 21 Ordf.
168 384 7 20 i
186 384 71 20 Ensk.
268 384 64 20 Besv.
343 384 60 20 utsk.
421 384 52 20 Led.
485 384 7 20 i
503 384 57 20 först
571 384 52 20 Bev.
635 384 59 20 utsk.

123 414 53 20 1891
195 413 132 26 fullmäktig
343 413 36 21 för
396 413 93 26 Nystad.
522 413 53 21 Led.
592 413 7 20 i
617 413 77 21 Järnv.

92 443 59 21 utsk.
168 443 43 21 och
227 442 7 21 i
250 443 64 21 först.
331 443 52 21 Bev.
399 443 60 21 utsk.

123 473 55 21 1894
195 473 132 26 fullmäktig
342 473 37 20 för
394 473 143 26 Helsingfors
554 473 56 20 stad.
642 473 53 20 Led.

93 503 6 20 i
110 503 77 20 Järnv.
199 503 60 20 utsk.
286 503 77 26 Suppl
375 503 42 20 och
432 499 35 28 (fr.
478 503 13 20 2
501 499 58 29 juni)
574 503 35 20 led
620 503 6 20 i
638 503 57 20 Just.

93 533 59 20 utsk.
182 533 53 20 Led.
249 532 6 21 i
269 532 64 21 först.
347 532 108 26 Lagutsk.
470 533 43 20 och
528 532 7 21 i
548 532 63 21 först.
627 533 68 20 Stats-

68 578 1 5 '
93 562 59 21 utsk.

124 593 54 19 1897
195 591 132 27 fullmäktig
342 591 36 21 för
395 591 144 26 Helsingfors
554 592 56 20 stad.
643 591 53 21 Led.

94 621 5 20 i
115 621 78 21 Järnv.
210 621 69 24 utsk.;
295 621 7 20 i
317 622 57 20 Just.
391 621 59 20 utsk.
467 621 44 20 och
525 621 8 20 i
549 621 63 20 först.
628 621 68 20 Stats-

93 651 59 21 utsk.

92 689 114 28 Fellman,
223 690 120 21 Abraham
360 689 99 28 August,

94 729 14 20 f.
128 730 62 23 1839,
208 726 15 25 $
243 729 62 20 1912.
339 729 158 26 Stabskapten,
516 728 181 26 lägenhetsinne-

95 759 94 20 hafvare
209 759 6 20 i
236 759 98 24 Hollola,
355 758 108 26 sägägare
482 759 6 20 i
509 758 86 25 Lahtis,
616 765 30 13 m.
667 765 30 13 m.

95 788 95 21 Hofräd.

125 819 54 20 1891
197 817 130 26 fullmäktig
341 818 36 20 för
392 817 91 21 Hollola
498 818 116 25 domsaga.
644 817 53 20 Led.

95 847 5 21 i
117 848 127 20 Bankutsk.

126 878 55 20 1894
197 877 132 26 fullmäktig
343 877 35 21 för
393 877 90 20 Hollola
498 877 116 26 domsaga.
645 877 53 20 Led.

96 907 5 20 i
118 907 127 21 Bankutsk.

126 937 54 20 1897
197 936 131 27 fullmäktig
342 936 36 21 för
392 937 91 20 Hollola
499 937 116 25 domsaga.
645 936 54 20 Led.

95 967 7 20 i
119 967 127 20 Bankutsk.

95 996 157 21 bankrevisor.

127 1027 55 19 1899
197 1025 131 26 fullmäktig
343 1025 36 21 för
394 1025 90 21 Hollola
498 1026 117 25 domsaga.

96 1055 6 20 i
118 1055 175 21 Talmanskonf.

128 1084 56 22 1900
195 1085 131 26 fullmäktig
337 1085 35 20 för
384 1085 91 20 Hollola
486 1085 115 25 domsaga.
621 1084 78 26 Suppl.

97 1115 6 20 i
127 1115 176 20 Talmanskonf.
343 1115 54 20 Led.
422 1114 6 21 i
454 1114 127 21 Bankutsk.
622 1114 79 20 Förste

97 1145 73 25 suppl.
186 1144 37 21 för
236 1144 178 21 bondeständets
427 1143 157 21 bankrevisor.

128 1172 92 25 1904/05
247 1173 130 26 fullmäktig
404 1173 36 21 för
467 1173 91 21 Hollola
585 1174 116 24 domsaga.

97 1204 53 20 Led.
165 1203 6 21 i
186 1203 175 21 Talmanskonf.
392 1203 100 20 Elektor.
523 1203 53 20 Led.
592 1203 7 20 i
613 1202 88 21 Grund-

98 1233 106 26 lagutsk.;
219 1233 7 20 i
240 1233 76 21 Särsk.
330 1233 64 20 Besv.
409 1233 68 24 utsk.;
496 1234 3 21 i
513 1233 57 25 Exp.
585 1232 59 21 utsk.
659 1232 42 21 och

98 1263 5 20 i
118 1263 63 20 först.
196 1263 52 20 Bev.
262 1263 60 20 utsk.
350 1262 181 21 Bondeständets
545 1261 156 22 bankrevisor.

128 1291 94 27 1905/06
248 1292 132 26 fullmäktig
405 1292 36 21 för
468 1292 91 20 Hollola
586 1292 115 25 domsaga.

98 1322 53 21 Led.
174 1322 6 21 i
202 1322 175 21 Talmanskonf.
408 1321 65 21 Ordf.
496 1322 36 20 för
555 1321 147 21 elektorerne.

98 1351 53 21 Led.
165 1351 6 20 i
185 1351 190 26 Grundlagsutsk.
389 1351 42 21 och
445 1351 6 20 i
466 1351 63 20 först.
543 1351 52 20 Bev.
609 1350 59 21 utsk.

96 1395 116 28 Fellman,
230 1395 51 23 Nils
298 1395 61 27 Isak,

99 1434 15 21 f.
132 1435 62 21 1841.
228 1434 106 21 Direktör
357 1435 7 20 i
388 1434 169 24 statskontoret,
582 1434 91 20 senator
698 1432 6 20 i

98 1464 267 26 justitiedepartementet
386 1464 61 20 1887.
482 1463 118 21 President
620 1463 4 19 i
645 1463 59 19 Vasa

98 1494 87 20 hofrätt
204 1494 151 20 1900—1902.
387 1493 73 21 Adlad
477 1493 63 21 1902.

130 1524 56 20 1888
203 1523 131 26 fullmäktig
350 1523 36 21 för
403 1523 79 20 staden
499 1522 72 20 Kemi.

98 1567 106 27 Fieandt,
220 1567 56 24 Karl
293 1566 151 27 Konstantin,

101 1600 14 21 f.
128 1600 63 21 1850.
219 1600 128 26 Godsägare
358 1600 6 20 i
376 1599 131 26 Padasjoki,
518 1597 187 22 kommunalräd.

132 1630 55 20 1899
201 1629 132 26 fullmäktig
347 1629 35 20 för
395 1629 79 20 Jämsä
488 1629 116 24 domsaga.
627 1627 78 26 Suppl.

101 1659 5 20 i
123 1659 108 25 Lagutsk.

132 1688 56 20 1900
202 1688 133 26 fullmäktig
349 1688 36 20 för
399 1688 78 20 Jämsä
493 1688 116 22 domsaga.
631 1686 53 20 Led.
699 1684 8 21 i

102 1718 200 20 Vattenrättsutsk.
320 1718 42 19 och
381 1717 5 20 i
405 1717 56 25 Exp.
479 1716 60 21 utsk.

280 966 79 21 Förste
377 967 72 25 suppl.
468 966 36 20 för
522 965 178 21 bondeståndets

646 1025 53 20 Led.

725 202 49 17 von
791 196 107 27 Fieandt,
914 196 74 22 Arvid
1005 196 97 25 Harald,

729 236 14 20 f.
761 236 61 20 1873.
852 235 152 21 Tandläkare.

760 264 91 26 1904/05
866 265 7 20 i
886 264 158 26 ridderskapet
1059 265 43 20 och
1117 265 69 20 adeln
1202 261 41 27 (till
1258 264 13 20 3
1285 270 47 19 apr.
1348 256 1 21 ;

731 292 73 28 1905).

726 356 49 17 von
792 351 106 26 Fieandt,
915 350 61 23 Bror
992 350 90 27 Albert,

730 390 15 20 f.
770 390 62 24 1852,
854 387 14 25 T
892 390 62 20 1894.
991 389 263 21 Vicelandssekreterare
1275 388 6 20 i
1303 388 30 20 St.

730 420 94 20 Michels
839 420 44 19 län.

762 450 55 20 1888
833 450 6 21 i
854 449 158 26 ridderskapet
1028 449 42 20 och
1087 449 73 20 adeln.

762 480 53 20 1891
829 479 6 20 i
846 479 157 26 ridderskapet
1016 479 43 20 och
1072 479 73 20 adeln.
1174 478 78 26 Suppl.
1264 477 6 20 i
1282 477 51 20 Rid-

730 509 65 20 darh.
808 509 60 20 utsk.
884 506 35 27 (fr.
934 509 26 20 21
975 509 55 20 febr.
1045 509 33 20 till
1094 509 25 20 14
1132 505 57 29 apr.)
1206 508 43 20 och
1263 507 7 20 i
1283 507 50 20 Bev.

730 539 60 20 utsk.
809 536 35 27 (fr.
862 539 8 20 1
887 539 34 20 till
938 539 24 20 14
978 535 67 30 apr.).

763 569 54 20 1894
831 569 7 20 i
851 569 157 26 ridderskapet
1022 569 43 20 och
1079 569 73 20 adeln.

731 599 64 20 Besv.
809 599 59 20 utsk.

1181 568 53 20 Led.
1248 567 7 20 i
1268 567 66 20 Allm.

729 660 48 17 von
794 637 106 48 Fieandt,
918 654 55 23 Karl
990 654 111 21 Wilhelm
1119 653 92 26 Daniel,

731 694 16 20 f.
760 695 62 20 1855.
849 693 246 21 Hofrättsauskultant.
1122 693 94 20 Revisor
1228 691 37 21 vid
1277 693 58 24 post-

732 724 109 26 styrelsen
861 724 61 20 1886.

764 755 55 19 1882
834 753 7 20 i
857 753 158 26 ridderskapet
1030 753 43 20 och
1090 753 72 20 adeln.

764 784 54 20 1897
835 783 7 20 i
856 783 158 26 ridderskapet
1030 783 42 20 och
1089 782 72 20 adeln.

765 814 55 19 1899
834 814 6 20 i
853 812 158 26 ridderskapet
1025 812 43 20 och
1083 812 72 20 adeln.

765 842 55 21 1900
836 843 5 20 i
857 842 157 25 ridderskapet
1030 842 43 20 och
1089 841 73 21 adeln.

766 870 91 27 1905/06
870 872 7 20 i
888 871 158 26 ridderskapet
1059 871 42 20 och
1114 871 73 20 adeln.

731 933 49 18 von
798 928 106 25 Fieandt,
921 927 152 27 Konstantin,

734 967 16 20 f.
768 967 61 24 1820,
846 965 14 25 T
878 967 62 20 1886.
970 966 163 21 Possessionat.

767 995 91 27 1863/64
873 997 6 20 i
894 996 157 26 ridderskapet
1066 996 42 20 och
1123 995 73 21 adeln.

732 1059 49 16 von
798 1053 107 27 Fieandt,
921 1053 59 22 Otto
996 1051 89 27 Alired,

735 1093 15 20 f.
763 1093 62 20 1853.
845 1091 105 27 Ingeniör
960 1091 37 21 vid
1008 1089 330 25 landtmäteriöfverstyrelsen.

736 1123 96 20 Hofråd.

770 1153 52 20 1897
847 1152 5 20 i
876 1151 158 26 ridderskapet
1058 1150 43 21 och
1124 1150 68 20 adeln
1211 1145 44 28 (för
1280 1148 58 19 ätten

737 1179 165 27 Svinhufvud).

769 1211 55 21 1900
836 1211 7 20 i
855 1210 158 26 ridderskapet
1026 1210 43 20 och
1083 1209 65 21 adeln
1164 1206 45 26 (för
1222 1208 61 19 ätten
1297 1212 43 14 von

737 1238 147 27 Heideman).

735 1302 48 17 von
800 1296 107 27 Fieandt,
924 1295 58 23 Otto
1000 1295 62 26 Carl,

738 1336 15 20 f.
772 1336 62 23 1758,
858 1333 7 25 T
884 1335 62 20 1825.
978 1334 75 25 Major
1069 1333 39 20 vid
1124 1332 141 21 Tavastehus
1282 1336 59 20 rege-

737 1367 77 18 mente
834 1365 62 20 1792.
932 1361 205 28 Öfverstelöjtnant
1154 1363 7 20 i
1180 1361 81 21 armén
1280 1360 61 21 1794.

738 1395 86 21 Afsked
841 1395 62 20 1805.
934 1393 58 21 Chef
1006 1393 35 21 för
1056 1391 157 28 topografiska
1228 1390 73 21 kåren
1314 1389 29 27 på

739 1424 152 26 Haapaniemi
911 1424 150 20 1812—1819.

771 1454 55 20 1809
842 1454 6 20 i
863 1453 159 25 ridderskapet
1036 1452 43 20 och
1095 1452 72 20 adeln.

737 1510 117 27 Filppula,
871 1509 64 22 Juho
952 1508 93 27 Heikki,

740 1549 15 20 f.
774 1549 62 20 1843.
868 1548 196 24 Hemmansägare
1080 1546 6 21 i
1102 1546 110 20 Alastaro.

772 1579 53 19 1891
855 1577 132 25 fullmäktig
1013 1576 35 20 för
1076 1575 125 26 Loimijoki
1228 1574 134 24 domsaga.
1353 1570 12 36 |

741 1608 79 25 Suppl.
833 1608 6 20 i
853 1606 127 21 Bankutsk.

739 1646 173 27 Finckenberg,
928 1644 90 22 Berndt
1034 1643 104 26 Fredric,

741 1684 16 20 f.
774 1684 62 24 1780,
852 1682 15 24 t
885 1684 62 20 1853.
978 1682 101 21 Kanslist
1098 1682 2 20 i
1116 1678 48 24 Åbo
1180 1680 87 21 hofrätt
1284 1678 61 21 1807.
1362 1697 2 5 |

741 1714 171 26 Vicepresident
930 1712 61 21 1840.
1022 1712 86 20 Afsked
1124 1712 62 19 1847.

1356 1186 2 10 |
