1506 1867
642 85 156 23 Personregister.

1336 84 34 18 375

103 210 49 17 von
169 205 73 25 Troil,
258 205 57 22 Erik
331 205 100 22 Werner
447 204 105 28 Samuel,

107 244 102 24 friherre,
224 244 15 20 f.
256 245 62 20 1865.
349 244 203 21 Hofrättskanslist
569 244 3 21 i
586 244 77 25 Wasa,
676 250 34 14 as-

106 280 73 14 sessor
198 274 62 20 1907.

138 305 56 19 1899
217 304 6 20 i
245 304 157 26 ridderskapet
425 304 43 20 och
491 304 67 20 adeln
583 301 44 27 (för
649 305 60 19 ätten

107 331 122 28 Agricola).

138 362 92 27 1905/06
243 364 8 20 i
263 363 157 27 ridderskapet
433 364 43 20 och
490 364 67 20 adeln
572 361 41 27 (till
627 365 14 19 8
654 363 56 21 febr.

109 391 73 27 1906).

105 454 48 17 von
170 449 73 27 Troil,
260 449 85 22 Gustaf
361 450 58 21 Axel
437 449 104 27 Samuel,

108 488 103 24 friherre,
228 488 15 21 f.
264 489 61 24 1837,
344 485 14 26 t
378 489 62 20 1909.
474 487 146 22 Ordförande
636 489 8 20 i
660 487 52 21 Fin-

108 518 65 21 lands
191 518 72 20 Bank.
296 518 95 21 Senator
411 518 151 21 1891—1900.
596 517 116 21 Geheime-

109 548 47 20 råd.

140 576 91 27 1877/78
247 577 8 21 i
271 577 157 27 ridderskapet
445 578 43 20 och
504 578 67 21 adeln
591 575 44 27 (för
651 579 60 19 ätten

109 605 136 27 Rosenlew).
274 607 99 21 Elektor.
402 608 53 20 Led.
469 608 6 20 i
487 608 53 20 Bev.
553 608 60 20 utsk.
634 607 78 26 Suppl.

110 637 5 20 i
131 637 125 26 Myntutsk.
273 638 42 20 och
331 638 6 20 i
353 638 57 20 Just.
427 638 59 20 utsk.
506 635 48 27 (allt
569 637 33 21 till
618 639 13 19 8
647 635 65 28 maj).

110 668 78 25 Suppl.
205 667 6 20 i
227 668 48 20 Btv.
292 668 59 20 utsk.
372 666 35 25 (fr.
427 669 25 19 19
469 668 48 19 dec.
536 665 73 27 1877).

141 699 54 19 1882
209 697 6 20 i
228 697 156 26 ridderskapet
398 698 43 20 och
455 698 68 20 adeln
539 694 43 27 (för
595 698 61 20 ätten
671 697 41 20 Ro-

110 725 102 26 senlew).
243 727 176 26 Ridderskapets
437 728 43 20 och
497 728 78 20 adelns
592 728 98 19 medlem
707 727 6 20 i

110 757 155 26 delegationen
280 757 35 20 för
329 758 145 25 uppresande
489 757 25 20 af
528 763 27 14 en
571 757 142 20 minnesstod

110 787 22 20 åt
147 787 127 20 Alexander
290 787 27 20 II.

141 818 55 19 1885
214 817 6 20 i
238 817 157 26 ridderskapet
413 817 42 20 och
473 817 74 20 adeln.

142 845 90 27 1904/05
249 847 7 20 i
271 847 158 26 ridderskapet
445 847 43 20 och
505 847 68 20 adeln
591 844 44 27 (för
653 847 60 20 ätten

111 874 148 27 Ekestubbe).

108 937 48 17 von
172 932 73 27 Troil,
263 932 107 27 Hjalmar
387 932 90 22 Fridolf
493 933 104 26 Samuel,

111 971 103 24 friherre,
229 971 16 20 f.
262 972 61 24 1861,
347 969 7 25 $
372 972 61 20 1914.
464 971 214 21 Landthushällare.

142 1002 53 20 1891
215 1001 7 20 i
237 1001 158 26 ridderskapet
412 1002 43 20 och
473 1002 74 20 adeln.

109 1051 48 17 von
173 1046 73 27 Troil,
264 1046 69 27 Knut,

112 1085 14 20 f.
145 1085 62 24 1760,
231 1083 6 25 $
256 1086 61 20 1825.
349 1085 44 20 För
409 1085 140 26 delaktighet
564 1085 6 20 i
587 1085 127 26 Anjalaför-

112 1115 85 20 bundet
211 1116 69 19 dömd
293 1117 31 18 att
338 1115 150 20 arkebuseras
504 1115 62 24 1790,
580 1121 54 14 men
647 1114 67 21 benä-

111 1145 51 20 dad.
196 1141 204 30 Öfverstelöjtnant
417 1145 43 20 och
477 1144 198 27 generaladjutant
692 1143 24 21 af

112 1175 83 25 flygeln
212 1175 61 20 1796.
294 1175 175 25 Landshöfding
482 1175 6 20 i
502 1171 50 24 Äbo
565 1175 43 20 och
622 1175 93 25 Björne-

112 1204 66 26 borgs
201 1205 37 20 län
261 1205 62 20 1806.
353 1204 106 21 Friherre
483 1205 63 20 1809.
577 1205 110 20 Ledamot
709 1203 6 20 i

112 1234 233 26 regeringskonseljen
367 1240 88 15 samma
475 1234 32 21 är.
543 1234 147 21 Ordförande
709 1234 7 20 i

112 1264 136 20 kommittén
270 1264 35 21 för
327 1264 76 21 finska
425 1265 116 20 ärendena
565 1265 150 20 1814—1821.

113 1293 148 22 Geheimeräd
279 1295 61 20 1816.

144 1324 55 20 1809
216 1323 7 21 i
239 1324 158 26 ridderskapet
414 1324 43 21 och
475 1324 74 20 adeln.

110 1373 48 17 von
175 1368 72 27 Troil,
264 1368 62 23 Knut
343 1368 52 23 Uno
411 1369 59 21 Axel
487 1368 104 27 Samuel,

113 1407 103 24 friherre,
233 1407 16 20 f.
269 1408 61 23 1831,
347 1404 14 26 1
381 1407 62 21 1905.
478 1407 89 26 Kapten
585 1407 39 21 vid
640 1406 76 20 finska

112 1436 247 26 lifgardesbataljonen.
389 1433 187 24 OÖfversteafsked
591 1437 62 20 1871.
675 1437 41 19 Bo-

113 1466 188 26 ställsinspektör.

145 1497 54 19 1867
218 1496 6 20 i
241 1496 158 26 ridderskapet
416 1496 43 21 och
477 1496 74 21 adeln.

145 1524 91 27 1877/78
254 1526 6 20 i
280 1526 158 26 ridderskapet
457 1526 43 20 och
519 1526 73 20 adeln.

110 1575 48 17 von
175 1570 73 26 Troil,
265 1570 97 22 Samuel
378 1570 106 27 Werner,

114 1603 102 25 friherre,
231 1603 16 21 f.
263 1604 62 24 1798,
350 1601 5 25 €
373 1604 62 20 1865.
466 1603 86 21 Fänrik
569 1604 62 23 1822,
645 1602 71 21 bank-

112 1633 102 21 direktör
233 1634 62 20 1837.
328 1632 118 22 Guvernör
466 1634 56 20 1856
539 1634 6 20 i
564 1633 35 21 S:t
615 1632 101 24 Michels,

116 1664 54 19 1863
188 1663 6 20 i
212 1663 140 20 Tavastehus
371 1663 44 20 län.

145 1691 91 27 1863/64
255 1692 6 20 i
280 1692 157 26 ridderskapet
457 1693 43 20 och
518 1692 74 21 adeln.

114 1722 125 20 Bankutsk.
258 1722 42 20 och
319 1722 42 20 led.
379 1722 6 20 i
403 1722 194 20 Riddarhusutsk.

627 1692 64 20 Ordf.
710 1691 7 20 i

742 210 48 17 von
807 204 74 28 Troil,
898 205 95 21 Samuel
1010 205 106 27 Werner,

747 244 102 24 friherre,
865 244 15 20 f.
898 244 63 24 1833,
978 241 14 25 1
1010 241 38 28 ?7/,
1067 244 62 20 1900.
1161 243 101 21 Kanslist
1282 244 3 20 i
1301 240 49 23 Åbo

746 274 86 20 hofrätt
847 275 62 23 1859,
924 274 88 20 notarie
1027 274 62 20 1866.
1119 273 163 21 Possessionat.
1312 273 37 20 Di-

746 304 76 20 rektör
834 304 7 20 i
854 303 230 26 Föreningsbankens
1098 304 83 20 kontor
1193 303 6 21 i
1211 299 56 25 Äbo.
1287 302 62 22 Vice-

747 334 138 20 ordförande
898 333 7 21 i
918 335 105 19 senatens
1035 333 244 26 justitiedepartement
1295 334 54 20 1885

745 364 95 20 —1891.

779 394 53 20 1867
844 393 7 21 i
862 393 158 26 ridderskapet
1032 394 43 20 och
1087 393 67 21 adeln
1168 390 44 27 (för
1224 392 53 21 frih.
1289 394 60 19 ätten

747 420 130 29 Carpelan).
912 423 100 20 Elektor.
1046 423 65 20 Ordf.
1130 423 7 20 i
1155 422 108 26 Lagutsk.
1282 423 43 20 och
1344 421 5 20 i

746 453 127 20 Pankutsk.

778 483 54 20 1872
848 483 7 20 i
870 482 157 26 ridderskapet
1042 483 43 20 och
1101 483 73 20 adeln.
1198 482 95 20 Elektor
1309 479 41 27 (till

748 513 12 20 8
770 509 68 29 juni).
857 512 71 21 Led.i
940 513 120 20 Statsutsk.
1072 513 42 20 och
1126 512 7 20 i
1143 513 69 20 Stats-
1223 512 43 20 och
1277 512 72 20 Ekon.

747 542 59 21 utsk.
838 542 65 21 Ordf.
921 542 6 20 i
945 542 67 21 Allm.
1030 542 64 21 Besv.
1113 542 59 21 utsk.
1193 539 41 27 (till
1252 543 13 19 8
1282 539 67 28 juni).

748 572 78 20 Förste
850 572 74 26 suppl.
949 572 37 21 för
1009 572 170 26 ridderskapets
1204 572 43 20 och
1273 571 78 21 adelns

748 602 155 20 bankrevisor.

779 631 91 26 1877/78
888 632 6 20 i
912 632 159 26 ridderskapet
1088 632 42 21 och
1148 632 66 20 adeln
1236 629 44 26 (för
1298 631 52 20 frih.

748 663 60 19 ätten
820 668 43 14 von
875 659 132 28 Knorring).
1019 661 93 21 Elektor
1127 659 41 26 (till
1181 663 25 19 19
1216 662 47 20 dec.
1277 658 72 27 1877).

748 691 64 21 Ordf.
830 691 7 20 i
855 691 121 21 Statsutsk.
997 689 41 27 (till
1058 693 26 19 19
1102 692 46 20 dec.
1168 689 74 26 1877).
1274 691 53 20 Led.
1345 690 5 20 i

749 722 67 20 Stats-
830 722 43 20 och
886 721 73 21 Ekon.
973 721 60 21 utsk.
1061 721 65 21 Ordf.
1139 721 7 20 i
1159 721 191 21 Riddarhusutsk.

752 749 41 26 (till
811 752 26 20 19
852 752 48 20 dec.
920 749 73 27 1877).
1026 751 76 21 Led.i
1119 751 63 20 först.
1200 751 73 20 Ekon.
1292 750 58 21 utsk.

748 781 43 20 och
807 781 6 20 i
830 781 64 20 först.
912 781 52 20 Bev.
981 781 60 20 utsk.

780 812 54 19 1882
856 811 7 20 i
884 811 158 26 ridderskapet
1064 811 42 20 och
1128 811 73 20 adeln.
1239 810 112 21 Landt-

748 841 176 20 marskalk.
953 841 178 26 Ridderskapets
1144 841 42 20 och
1199 841 78 20 adelns
1290 840 61 20 med-

749 871 43 20 lem
809 871 7 20 i
832 871 286 26 Kröningsdeputationen.

780 901 54 20 1885
856 901 6 20 i
884 900 158 27 ridderskapet
1063 901 43 20 och
1128 901 73 20 adeln.
1239 900 112 20 Landt-

749 931 176 20 marskalk.

780 961 56 20 1888
853 960 8 20 i
877 960 158 26 ridderskapet
1052 961 42 20 och
1112 961 73 20 adeln.

780 991 56 20 1894
848 990 7 20 i
868 990 158 26 ridderskapet
1040 991 43 20 och
1097 991 73 20 adeln.
1200 989 85 21 Ordf.i
1300 989 51 20 Bev.

749 1020 59 20 utsk.
826 1017 36 27 (fr.
879 1021 24 19 17
918 1017 65 28 febr.)
1001 1021 43 20 och
1058 1020 6 20 i
1078 1019 191 22 Riddarhusutsk.
1298 1019 53 20 Led.

749 1049 6 20 i
772 1050 64 20 först.
854 1050 121 20 Statsutsk.

781 1080 53 20 1897
858 1079 6 20 i
886 1079 157 26 ridderskapet
1064 1080 43 20 och
1129 1080 72 20 adeln.
1239 1079 112 20 Landt-

750 1109 176 21 marskalk.

781 1140 55 20 1899
858 1139 6 20 i
886 1139 157 26 ridderskapet
1064 1140 43 20 och
1129 1139 73 20 adeln.
1240 1139 111 20 Landt-

750 1169 176 20 marskalk.

781 1199 55 20 1900
854 1199 6 20 i
878 1199 158 26 ridderskapet
1054 1199 42 20 och
1114 1199 73 20 adeln.

748 1243 47 16 von
812 1237 73 27 Troil,
902 1237 88 22 Walter
1007 1237 98 22 Werner
1120 1237 67 27 Axel,

751 1277 102 24 friherre,
869 1276 15 21 f.
901 1277 61 20 1863.
993 1277 203 20 Kammarförvant
1211 1276 7 20 i
1232 1275 120 26 tullstyrel-

750 1313 46 14 sen.
825 1307 97 20 Kamreri
952 1307 174 25 öfverstyrelsen
1139 1306 36 21 för
1187 1307 51 24 väg-
1251 1306 43 20 och
1307 1307 46 18 vat-

750 1336 200 26 tenbyggnaderna
969 1337 62 20 1906.
1063 1336 230 21 Riddarhuskamrer.

783 1367 54 20 1899
855 1366 6 20 i
878 1366 158 25 ridderskapet
1054 1367 43 20 och
1114 1366 73 20 adeln.

782 1394 91 26 1904/05
893 1396 6 19 i
918 1396 159 25 ridderskapet
1095 1396 42 20 och
1157 1395 74 21 adeln.

782 1426 92 24 1905/06
888 1425 8 21 i
909 1425 157 26 ridderskapet
1080 1426 42 20 och
1136 1425 68 21 adeln
1220 1422 35 26 (fr.
1271 1425 13 20 8
1297 1424 56 20 febr.

753 1452 73 27 1906).

749 1492 132 28 Träskelin,
899 1492 113 28 Stephan,

752 1532 14 20 f.
784 1533 62 23 1799,
863 1530 15 24 t
896 1533 62 19 1868.
991 1532 210 20 Murareälderman
1217 1532 8 20 i
1240 1528 55 24 Åbo.

783 1560 91 27 1863/64
887 1562 132 26 fullmäktig
1030 1562 36 20 för
1078 1558 48 24 Åbo
1139 1562 56 20 stad.
1214 1562 53 20 Led.
1280 1562 6 19 i
1299 1562 54 24 Lag-

752 1592 42 20 och
811 1592 73 20 Ekon.
902 1592 59 20 utsk.
980 1592 42 20 och
1040 1592 6 20 i
1064 1591 201 21 Ständerhusutsk.

749 1629 130 27 Tuloisela,
896 1630 142 26 Alexander,

752 1662 15 20 f.
786 1663 62 24 1823,
866 1660 21 25 1.
920 1663 79 20 Bonde
1014 1663 7 20 i
1038 1663 99 26 Lampis,
1155 1663 71 21 sedan
1241 1663 6 20 i
1265 1662 89 21 Koskis.

783 1691 92 27 1863/64
902 1692 132 26 fullmäktig
1060 1692 35 21 för
1122 1693 91 20 Hollola
1239 1693 115 25 domsaga.

752 1722 100 20 Elektor.
883 1722 53 20 Led.
952 1722 8 20 i
976 1722 55 26 Lag-
1046 1723 44 20 och
1106 1722 72 21 Ekon.
1195 1722 59 21 utsk.
