1492 1870
130 87 36 18 270

707 87 155 23 Personregister.

154 159 121 24 (Hackman,
287 160 68 19 Alfred
369 161 92 23 Leopold
474 160 99 24 Fredrik,)

190 213 54 20 1891
258 212 7 21 i
276 212 158 26 ridderskapet
445 213 43 20 och
500 212 74 21 adeln.
601 211 79 27 Suppl
693 211 6 21 i
711 211 52 21 Rid-

158 242 64 21 darh.
241 242 60 21 utsk.
321 239 36 28 (fr.
377 243 26 20 16
419 239 78 30 april).

190 272 56 21 1894
265 269 34 27 (fr.
317 273 26 20 19
359 269 57 29 apr.)
435 272 7 21 i
457 272 158 26 ridderskapet
631 271 43 21 och
690 271 74 20 adeln.

190 302 56 21 1897
265 299 34 27 (fr.
315 303 27 20 23
357 300 65 27 febr.)
440 302 7 21 i
461 302 158 26 ridderskapet
633 301 43 21 och
690 301 74 20 adeln.

190 332 58 20 1899
265 331 7 22 i
288 332 158 25 ridderskapet
465 333 42 20 och
525 332 72 21 adeln.

190 360 93 27 1904/05
299 361 7 21 i
322 362 159 26 ridderskapet
497 363 43 20 och
556 361 73 22 adeln.
662 361 78 26 Suppl.
758 360 7 21 i

158 391 67 21 Allm.
252 391 45 22 Pet.
321 392 60 21 utsk.
420 392 177 26 Ridderskapets
620 391 43 21 och
687 391 78 20 adelns

158 422 74 25 suppl.
250 421 8 21 i
274 422 260 26 Antells-delegationen.

190 450 94 27 1905/06
301 452 6 20 i
325 452 158 26 ridderskapet
500 452 42 20 och
559 451 73 21 adeln.

158 490 133 27 Hackman,
307 490 80 22 Johan
404 490 107 27 Fredrik,

159 523 15 21 f.
195 524 65 24 1801,
277 521 14 25 t
309 524 62 20 1879.
403 524 138 20 Handlande
557 523 7 21 i
581 522 102 26 Wiborg,
700 522 66 20 kom-

159 553 124 21 merseråd.
315 554 75 20 Adlad
409 554 63 21 1874.

191 582 94 27 1863/64
299 583 132 27 fullmäktig
446 584 36 20 för
497 583 106 26 Wiborgs
619 583 57 20 stad.
700 581 66 22 Elek-

160 615 44 19 tor.
234 613 54 21 Led.
303 613 6 21 i
324 614 127 20 Bankutsk.
481 614 80 20 Förste
575 612 74 27 suppl.
665 612 36 21 för
715 612 51 20 bor-

159 643 143 26 garståndets
318 643 158 21 bankrevisor.

159 682 132 27 Hackman,
307 682 91 23 Walter
414 683 85 26 Oskar,

162 715 15 21 f.
195 716 64 20 1868.
289 715 109 22 Filosofie
414 715 114 26 magister,
544 714 107 21 licentiat.

193 745 57 21 1894
268 742 40 28 (till
325 746 26 19 13
366 743 57 28 apr.)
440 745 7 21 i
462 745 157 26 ridderskapet
635 745 43 20 och
693 744 73 21 adeln.

193 776 57 20 1897
267 772 40 27 (till
322 776 27 19 23
364 773 65 27 febr.)
446 775 7 21 i
467 775 156 26 ridderskapet
637 775 43 20 och
693 774 73 21 adeln.

193 805 57 21 1899
271 802 34 27 (fr.
325 805 26 21 19
367 803 56 28 maj)
443 805 7 21 i
466 805 157 26 ridderskapet
640 805 43 20 och
700 803 66 21 adeln

166 832 44 27 (för
222 835 63 20 ätten
297 841 45 14 von
355 833 94 27 Törne).

193 865 57 20 1900
269 865 6 20 i
291 865 158 26 ridderskapet
467 865 43 20 och
528 864 73 21 adeln.

194 893 93 27 1904/05
303 891 36 28 (fr.
355 895 11 20 7
381 892 56 29 apr.)
455 895 7 20 i
474 894 157 26 ridderskapet
645 893 42 21 och
700 893 67 20 adeln

166 924 44 24 (för
225 925 63 19 ätten
305 922 155 27 Cederholm).

194 954 93 25 1905;06
305 954 5 20 i
329 954 158 26 ridderskapet
505 954 43 20 och
566 953 68 21 adeln
653 950 44 27 (för
713 952 54 20 frih.

163 984 60 20 ätten
236 984 183 26 Standertskjöld
430 984 28 20 fr.
470 985 11 19 2
493 990 61 14 mars
564 983 34 21 till
608 984 13 20 9
632 989 47 19 apr.
693 979 74 27 1906).

161 1028 132 27 Hackman,
309 1028 88 22 Viktor
412 1028 67 27 Axel,

164 1061 14 21 f.
197 1062 64 20 1866.
292 1062 93 20 Docent.

195 1091 57 21 1900
265 1091 6 21 i
284 1091 157 26 ridderskapet
454 1092 43 20 och
509 1091 66 21 adeln
592 1087 43 28 (för
649 1090 61 20 ätten
723 1089 45 21 Ek-

163 1118 73 27 bom).
270 1121 77 26 Suppl.
363 1121 7 21 i
385 1121 65 21 först.
466 1121 52 21 Bev.
534 1120 59 21 utsk.

161 1165 133 27 Hackman,
309 1165 120 27 Wilhelm,

164 1199 14 20 f.
196 1200 63 20 1842.
289 1199 136 21 Handlande
439 1198 7 21 i
461 1198 100 26 Wiborg.
592 1196 176 22 Kommerseråd

166 1229 62 20 1884.

195 1256 94 28 1877/78
306 1258 7 20 i
331 1258 159 26 ridderskapet
509 1258 42 20 och
570 1257 74 21 adeln.
679 1256 64 21 Ordf.
763 1255 6 20 i

164 1288 128 20 Bankutsk.
309 1285 41 27 (till
365 1289 10 19 1
389 1288 46 21 okt.
452 1285 73 27 1877).
554 1287 53 21 Led.
622 1287 7 20 i
642 1285 127 27 Myntutsk.

164 1318 42 20 och
224 1318 39 20 tvä
279 1318 83 26 gånger
380 1319 6 21 i
403 1318 64 20 först.
484 1317 121 21 Statsutsk.

195 1348 57 20 1882
268 1348 6 20 i
288 1348 158 26 ridderskapet
461 1348 43 20 och
519 1347 73 21 adeln.
622 1346 93 20 Elektor
733 1342 36 27 (fr.

166 1378 24 20 14
209 1374 76 28 febr.).
317 1377 65 21 Ordf.
399 1378 7 20 i
422 1376 127 22 Bankutsk.
581 1376 79 26 Suppl.
677 1376 7 20 i
700 1375 69 21 Stats-

164 1407 60 20 utsk.
239 1407 36 20 till
290 1408 9 19 1
315 1404 69 29 juni).

196 1437 57 20 1885
268 1437 6 20 i
289 1437 158 26 ridderskapet
462 1437 42 20 och
519 1436 73 20 adeln.
623 1435 93 20 Elektor
733 1432 34 26 (fr.

165 1467 25 20 21
210 1463 81 28 mars).
323 1466 54 21 Led.
395 1467 7 20 i
419 1466 126 21 Bankutsk.
563 1465 43 21 och
624 1465 6 21 i
649 1463 120 22 Statsutsk.

196 1498 58 19 1888
267 1496 6 21 i
286 1496 158 26 ridderskapet
457 1497 43 20 och
513 1496 72 20 adeln.
615 1495 53 21 Led.
681 1494 6 21 i
701 1494 69 20 Stats-

164 1526 60 21 utsk.

196 1557 56 20 1891
265 1557 7 21 i
283 1556 158 26 ridderskapet
453 1556 42 20 och
506 1556 66 20 adeln
588 1552 44 27 (för
643 1554 52 20 frih.
709 1554 61 20 ätten

164 1583 107 27 Munck).
303 1586 65 20 Ordf.
385 1586 6 20 i
409 1586 120 20 Statsutsk.
561 1584 76 21 Andre
654 1582 116 22 bankfull-

165 1615 89 26 mäktig
270 1615 34 21 för
319 1615 160 26 ridderskapet
493 1615 43 21 och
551 1614 74 21 adeln.

196 1646 58 20 1894
276 1645 7 21 i
304 1644 160 27 ridderskapet
485 1645 42 20 och
549 1644 67 20 adeln
643 1640 44 27 (för
709 1643 62 19 ätten

165 1674 112 26 Roediger
290 1675 32 20 till
336 1676 26 19 12
375 1675 66 24 febr.;
455 1674 35 21 för
503 1675 60 19 ätten
577 1674 23 20 af
611 1673 119 20 Frosterus
743 1671 28 20 fr.

167 1705 26 20 13
207 1702 69 28 apr.).
305 1704 94 21 Elektor
416 1702 43 26 (till
473 1705 26 19 12
513 1700 75 28 febr.).
619 1702 64 21 Ordf.
698 1702 7 20 i
718 1702 52 20 Bev.

165 1734 60 21 utsk.
246 1731 42 27 (till
304 1735 25 19 12
345 1731 76 28 febr.).

795 159 119 25 (Hackman,
925 157 109 24 Wilhelm,)

830 212 55 20 1899
898 211 6 20 i
917 209 158 26 ridderskapet
1088 209 44 20 och
1144 208 67 21 adeln
1227 205 44 27 (för
1283 208 61 19 ätten
1357 211 44 15 von

799 238 106 27 Konow).
938 240 100 21 Elektor.
1070 238 66 21 Ordf.
1153 238 6 21 i
1177 237 120 22 Statsutsk.

830 277 56 21 1900
908 277 6 20 i
936 275 158 26 ridderskapet
1117 275 43 20 och
1182 274 66 20 adeln
1274 270 45 27 (för
1341 273 61 19 ätten

800 304 114 29 Nicolaij).

831 341 91 27 1904/05
939 342 6 21 i
961 341 158 25 ridderskapet
1136 340 43 21 och
1195 339 66 21 adeln
1281 336 44 27 (för
1341 339 61 19 ätten

800 370 115 29 Nicolaij).
947 372 53 20 Led.
1017 371 7 21 i
1040 370 127 21 Bankutsk.

832 407 91 27 1905/06
939 408 6 21 i
962 407 158 26 ridderskapet
1136 406 44 21 och
1196 405 68 21 adeln
1283 401 44 28 (för
1342 404 60 20 ätten

801 436 115 29 Nicolaij).
948 437 78 26 Suppl.
1042 437 7 20 i
1066 435 174 22 Talmanskonf.
1261 431 35 28 (fr.
1312 435 27 20 26
1355 439 48 20 apr.

801 469 32 21 till
846 469 25 20 31
884 468 42 26 juli
940 465 74 27 1906).
1035 467 101 20 Elektor.
1156 466 53 20 Led.
1222 465 43 21 och
1281 461 36 27 (fr.
1331 465 12 19 2
1356 469 47 20 apr.

802 496 64 26 1906)
884 498 58 20 ordf.
957 498 6 20 i
978 496 121 22 Statsutsk.
1118 493 41 27 (till
1174 496 26 19 31
1214 494 42 26 juli
1272 490 73 28 1906).

799 568 131 26 Hackman,
946 566 145 27 Woldemar,

801 607 15 21 f.
834 608 61 24 1831,
911 604 15 26 t
943 608 63 20 1871.
1036 608 137 20 Handlande
1189 608 6 20 i
1210 607 101 27 Wiborg.
1340 607 63 21 Vice-

801 637 90 21 konsul.

833 674 54 21 1867
907 673 131 27 fullmäktig
1057 674 36 21 för
1111 673 106 27 Wiborgs
1236 674 56 21 stad.
1326 674 53 21 Led.
1398 672 7 21 i

802 704 55 25 Lag-
882 704 42 21 och
948 703 74 21 Ekon.
1046 704 60 20 utsk.
1145 704 78 26 Suppl.
1248 704 6 21 i
1278 703 127 21 Bankutsk.

802 733 78 21 Förste
898 734 74 26 suppl.
992 733 36 21 för
1046 733 184 27 borgarståndets
1248 733 157 21 bankrevisor.

800 803 122 27 Hackzell,
938 803 79 22 Johan
1034 803 112 26 Mathias,

802 848 16 21 f.
836 849 62 24 1816,
914 845 14 26 1
945 849 63 20 1882.

803 878 190 21 Willmanstrand
1019 878 44 21 och
1089 877 119 27 Lappvesi,
1234 879 70 24 prost.

803 908 137 26 traktsprost
957 909 62 19 1868.

834 942 92 27 1863/64
949 944 52 20 vald
1026 943 24 21 af
1073 942 74 27 Borgä
1170 942 60 22 stifts
1253 942 153 27 prästerskap.

803 974 53 20 Led.
874 974 7 20 i
898 974 73 20 Ekon.
989 973 60 21 utsk.

834 1010 55 20 1867
904 1010 53 20 vald
970 1009 24 20 af
1008 1008 74 27 Borgä
1096 1008 60 22 stifts
1170 1008 154 26 prästerskap.
1353 1008 53 20 Led.

803 1040 6 20 i
827 1040 70 20 Ensk.
915 1040 64 20 Besv.
996 1039 60 21 utsk.
1089 1038 79 27 Suppl.
1184 1038 6 21 i
1208 1038 69 21 Stats-
1294 1038 43 20 och
1355 1038 51 20 Bev.

804 1070 59 20 utsk.

835 1106 55 20 1872
904 1105 52 21 vald
971 1104 24 21 af
1009 1104 75 26 Borgå
1096 1104 60 20 stifts
1171 1103 154 27 prästerskap.
1354 1103 53 21 Led.

804 1136 6 20 i
826 1134 202 22 Kommunalutsk.
1060 1134 78 26 Suppl.
1155 1134 6 20 i
1178 1134 73 20 Ekon.
1267 1133 59 21 utsk.
1343 1134 43 20 och
1401 1132 7 20 i

804 1165 63 21 först.
884 1164 120 21 Statsutsk.

835 1201 92 24 1877j78
951 1200 52 20 vald
1027 1200 24 20 af
1074 1199 74 26 Borgå
1172 1198 58 21 stifts
1255 1198 153 26 prästerskap.

805 1230 52 21 Led.
872 1230 6 20 i
893 1230 52 20 Bev.
960 1230 70 23 utsk.;
1045 1229 6 21 i
1066 1229 63 21 först.
1143 1228 108 26 Lagutsk.
1266 1228 43 20 och
1314 1224 12 35 i
1344 1228 63 20 först.

804 1260 56 26 Lag-
872 1260 44 20 och
928 1260 73 20 Ekon.
1013 1260 60 20 utsk.
1102 1259 78 26 Suppl.
1192 1258 7 21 i
1211 1258 63 21 först.
1288 1258 120 20 Statsutsk.

1345 877 61 20 Kon-

802 1329 147 28 Hagelstam,
966 1327 49 23 Jarl
1031 1328 100 28 August,

804 1375 16 20 f.
840 1375 62 23 1829,
928 1371 7 25 +
955 1374 63 20 1891.
1052 1371 208 22 Landthushällare
1277 1370 29 27 pä
1322 1371 87 20 Vester-

806 1404 62 21 kulla
883 1403 6 21 i
905 1403 113 26 Helsinge.

837 1437 91 28 1863/64
940 1437 132 27 fullmäktig
1083 1437 35 21 för
1130 1436 74 26 Borgä
1214 1437 115 24 domsaga.
1356 1435 53 21 Led.

806 1470 6 20 i
828 1469 120 21 Statsutsk.
980 1468 79 26 Suppl.
1075 1467 6 21 i
1097 1467 71 21 Ensk.
1184 1467 63 20 Besv.
1264 1465 59 21 utsk.

804 1532 116 28 Hagman,
938 1531 55 23 Carl
1010 1530 99 26 Henrik,

806 1578 15 20 f.
845 1578 61 23 1826,
928 1574 15 25 €
967 1576 62 20 1898.
1066 1573 209 22 Landthushällare
1295 1572 6 20 i
1323 1572 86 20 Ilmola.

806 1606 227 26 Packhusinspektor
1047 1605 6 20 i
1068 1605 59 19 Vasa
1145 1603 150 21 1873—1889.

838 1637 91 27 1863/64
958 1636 132 27 fullmäktig
1117 1636 36 20 för
1181 1635 135 21 Korsholms
1344 1634 66 20 södra

806 1670 116 24 domsaga.
944 1668 53 20 Led.
1012 1669 6 20 i
1032 1666 176 21 Talmanskonf.
1230 1663 181 27 Elektorssuppi.

806 1700 54 20 Led.
876 1699 6 20 i
898 1698 74 21 Ekon.
988 1697 60 20 utsk.
1065 1696 43 21 och
1123 1696 7 20 i
1146 1696 57 20 Just.
1219 1694 60 21 utsk.
1311 1694 78 25 Suppl.
1405 1692 6 20 i

807 1728 70 21 Ensk.
894 1728 64 20 Besv.
977 1727 59 21 utsk.

1039 847 151 27 Kyrkoherde
1204 847 7 21 i
1226 847 79 21 Mohla
1321 848 62 24 1871,
1390 843 13 35 i
1423 862 1 4 |
