1492 1864
649 92 154 22 Personregister.

102 163 29 23 (af
144 164 107 21 Forselles,
264 164 79 17 Edvard
357 163 77 21 Gustaf,

138 213 91 27 1877/78
244 215 6 20 i
264 215 158 25 ridderskapet
436 216 43 19 och
494 216 73 20 adeln.

138 246 54 19 1885
209 244 5 20 i
230 244 156 26 ridderskapet
402 245 43 20 och
460 245 74 20 adeln.

138 275 55 19 1888
208 274 6 20 i
230 274 157 26 ridderskapet
403 275 43 19 och
462 274 72 20 adeln.

104 342 25 22 af
145 342 128 27 Forselles,
291 342 105 26 Fredrik,

108 387 14 20 f.
139 388 62 23 1829,
215 384 15 26 T
246 388 60 20 1911.
336 383 212 30 Öfverstelöjtnant,
562 388 57 25 ägde
632 387 78 20 Villik-

107 417 53 20 kala
176 416 6 21 i
198 416 81 21 Elimä.
312 413 186 25 Öfversteafsked
516 418 62 20 1896.

140 447 54 20 1867
211 446 6 20 i
233 446 158 26 ridderskapet
406 447 43 20 och
464 447 67 20 adeln
551 444 44 27 (för
610 447 64 20 ätten
689 446 23 20 af

109 473 139 29 Enehjelm).
278 476 77 26 Suppl.
370 476 7 20 i
390 476 108 21 Riddarh.
513 476 59 21 utsk.

105 544 24 23 af
145 544 127 28 Forselles,
288 545 86 27 Jakob,

109 589 14 21 f.
138 590 62 24 1753,
222 587 7 24 1
245 590 61 20 1835.
335 589 86 26 Majors
434 590 80 20 afsked
528 590 51 20 från
593 591 54 19 lätta
661 591 49 20 dra-

108 625 106 19 gonerna.
246 619 167 26 Krigsrådstitel
432 620 61 20 1788.

140 649 54 21 1809
210 649 6 20 i
232 649 156 26 ridderskapet
404 649 43 20 och
463 650 73 19 adeln.

108 679 64 20 darh.
188 679 60 20 utsk.

568 649 52 20 Led.
637 649 6 20 i
659 649 51 21 Rid-

107 747 24 22 af
147 747 126 27 Forselles,
290 747 80 22 Oskar
386 747 117 27 Leonard,

111 792 13 21 f.
143 793 62 24 1838,
221 790 15 25 T
253 793 61 20 1872.
346 792 162 21 Possessionat.

142 823 54 20 1867
220 822 7 20 i
251 822 157 26 ridderskapet
432 823 43 19 och
498 823 66 20 adeln
585 819 44 23 (för
652 823 61 19 ätten

110 849 182 27 Falckenheim).

110 919 23 22 af
144 919 129 27 Forselles,
291 919 61 22 Pehr
368 920 72 22 Adolf
457 920 43 27 Alf,

112 965 14 20 f.
154 966 62 19 1875.
249 965 148 26 Tjänsteman
422 965 37 20 vid
484 965 231 26 Föreningsbankens

113 995 180 21 hufvudkontor.

144 1023 91 26 1904/05
251 1024 5 20 i
271 1024 157 27 ridderskapet
442 1025 43 20 och
500 1025 73 20 adeln.

144 1052 92 27 1905/06
252 1054 6 20 i
274 1054 157 26 ridderskapet
448 1055 43 20 och
508 1054 74 21 adeln.

110 1128 24 22 af
151 1128 127 28 Forselles,
296 1128 61 22 Pehr
374 1128 68 27 Emil,

115 1174 13 20 f.
150 1174 62 24 1840,
237 1171 7 25 $
266 1174 60 20 1914.
360 1173 157 21 Possessionat
536 1173 29 26 pä
583 1174 108 25 Peippola
711 1172 6 20 i

114 1203 82 21 Elimä.
223 1204 132 20 Sedermera
367 1203 87 20 notarie
465 1203 6 20 i
484 1203 166 21 universitetets
661 1204 56 19 kon-

114 1233 123 20 sistorium.
267 1233 149 20 Fältkamrer.

145 1261 91 27 1863/64
253 1262 5 20 i
273 1262 157 26 ridderskapet
444 1263 43 19 och
502 1263 73 20 adeln.

146 1293 54 19 1867
224 1292 8 20 i
254 1292 156 26 ridderskapet
433 1292 42 20 och
499 1292 73 20 adeln.
612 1292 78 25 Suppl.
712 1292 6 19 i

115 1322 73 20 Ekon.
203 1322 59 20 utsk.
282 1319 41 27 (till
339 1323 12 19 3
366 1319 67 28 apr.).

146 1349 91 27 1877/78
255 1352 5 19 i
278 1351 158 26 ridderskapet
452 1352 42 19 och
512 1352 74 19 adeln.
619 1351 99 20 Flektor.

115 1381 78 25 Suppl.
211 1381 6 20 i
234 1381 74 20 Ekon.
325 1380 59 21 utsk.
402 1381 42 20 och
465 1378 35 26 (fr.
519 1382 13 19 9
549 1387 60 13 mars
628 1378 64 26 1877)
712 1380 6 20 i

115 1410 66 20 Allim.
194 1410 62 20 Besv.
269 1410 59 20 utsk.
347 1410 53 21 Led.
413 1410 36 20 två
461 1410 83 26 gånger
556 1412 6 19 i
574 1410 62 20 först.
650 1410 68 20 Stats-

115 1440 59 20 utsk.
206 1440 52 20 Led.
274 1440 7 20 i
297 1440 62 20 först.
374 1440 52 20 Bev.
442 1440 59 20 utsk.

147 1470 54 20 1882
216 1470 6 20 i
236 1470 157 25 ridderskapet
407 1470 42 20 och
464 1470 74 20 adeln.

117 1501 7 18 1
143 1497 68 28 juni).
243 1499 53 21 Led.
313 1499 6 21 i
336 1499 72 21 Ekon.
425 1499 60 21 utsk.

147 1530 55 19 1885
215 1529 4 20 i
231 1529 157 26 ridderskapet
400 1529 41 20 och
453 1529 74 20 adeln.
546 1529 100 20 Elektcr.
666 1529 53 20 Led.

115 1558 6 20 i
137 1559 74 20 Ekon.
228 1559 59 20 utsk.

147 1589 55 19 1888
226 1589 6 20 i
256 1588 157 25 ridderskapet
438 1588 42 19 och
505 1588 74 20 adeln.

117 1617 72 20 Ekon.
204 1618 60 19 utsk.
283 1615 40 26 (till
340 1618 26 19 23
381 1615 80 25 mars).

148 1647 53 20 1891
218 1647 6 20 i
240 1647 157 25 ridderskapet
413 1647 42 19 och
472 1647 73 20 adeln.

149 1677 53 19 1894
220 1673 36 27 (fr.
272 1677 26 19 23
313 1673 65 27 febr.)
396 1676 5 20 i
416 1676 158 25 ridderskapet
590 1676 42 20 och
647 1675 73 20 adeln.

148 1706 55 20 1899
218 1705 6 21 i
240 1705 158 26 ridderskapet
414 1706 42 19 och
472 1705 74 20 adeln.

149 1735 54 20 1900
219 1735 5 20 i
242 1735 156 25 ridderskapet
414 1735 43 20 och
474 1735 73 20 adeln.

568 1470 93 20 Elektor
678 1466 41 27 (till

612 1587 77 26 Suppl.
714 1586 6 20 i

742 211 23 21 af
781 210 128 27 Forselles,
926 210 115 22 Theodor
1057 210 74 26 Ulrik,

745 250 14 20 f.
777 251 62 23 1827,
855 247 14 25 4
887 250 62 20 1896.
979 245 212 29 Öfverstelöjtnant.

777 280 54 20 1867
844 280 5 20 i
862 278 157 26 ridderskapet
1032 278 42 20 och
1086 278 66 20 adeln
1167 275 44 27 (för
1223 277 52 20 frih.

745 316 40 14 n:o
802 310 27 19 33
846 316 44 13 von
907 305 162 27 Willebrand).

777 340 55 20 1872
845 339 6 20 i
863 338 158 26 ridderskapet
1033 338 42 20 och
1088 338 65 20 adeln
1169 334 44 27 (för
1224 336 53 20 frih.

745 376 40 13 n:o
803 370 26 19 33
847 375 44 13 von
908 364 161 27 Willebrand).

778 397 91 27 1877/78
886 398 6 20 i
909 398 158 25 ridderskapet
1083 398 43 20 och
1143 397 66 21 adeln
1229 393 44 27 (för

747 426 137 24 Edelheim).

1287 277 62 19 ätten

1289 336 61 20 ätten
1367 344 1 3 |

1289 396 61 19 ätten

744 485 24 21 af
780 485 128 27 Forselles,
926 484 85 22 Viktor
1028 484 117 26 Leonard,

748 524 14 20 f.
779 525 62 24 1839,
864 521 7 25 $
889 524 62 20 1874.
981 522 243 26 Vicehäradshöfding.

778 555 54 20 1867
856 554 5 20 i
885 553 158 26 ridderskapet
1066 553 42 20 och
1131 553 66 20 adeln
1223 549 44 27 (för

749 581 170 29 Stjerncreutz).
957 583 52 20 Led.
1031 583 6 20 i
1059 583 55 26 Lag-
1135 583 44 20 och
1199 581 73 21 Ekon.

749 614 78 25 Suppl.
843 614 6 20 i
863 613 74 20 Ekon.
951 613 60 20 utsk.

779 644 54 20 1872
857 643 5 20 i
885 643 158 26 ridderskapet
1066 643 43 20 och
1132 642 67 20 adeln
1224 638 45 27 (för

746 670 143 29 Eneskjöld).

1290 552 61 19 ätten

1292 580 59 21 utsk.

1291 641 61 19 ätten

745 736 125 26 Forsman,
887 736 73 21 Artur
976 735 111 26 William,

748 775 15 20 f.
778 775 61 20 1863.
868 774 101 21 Kanslist
986 775 1 20 i
999 774 107 25 Wiborgs
1118 773 93 21 hofrätt.

748 804 40 21 räd
808 805 151 20 1907—1913.

781 835 54 20 1897
848 834 5 20 i
865 834 157 25 ridderskapet
1034 833 43 21 och
1089 833 73 20 adeln.
1190 832 77 26 Suppl.
1280 832 6 20 i
1297 832 55 24 Lag-

750 864 59 20 utsk.
831 861 36 26 (fr.
889 865 8 19 1
917 861 57 28 apr.)
995 864 43 20 och
1055 863 7 20 i
1080 863 109 21 Riddarh.
1207 861 60 22 utsk.
1287 859 36 26 (fr.
1342 862 12 19 2

752 891 79 27 mars).

783 924 55 20 1899
853 923 6 20 i
875 923 158 25 ridderskapet
1048 923 42 20 och
1107 922 72 21 adeln.

784 951 91 25 1904/05
896 953 7 20 i
924 953 158 25 ridderskapet
1103 953 43 20 och
1167 951 73 21 adeln.
1277 950 78 26 Suppl.

752 983 42 20 och
814 980 35 27 (fr.
869 983 25 20 10
911 982 56 20 febr.
986 979 63 27 1905)
1069 982 42 20 led.
1127 982 7 20 i
1150 982 55 25 Lag-
1222 981 42 20 och
1282 980 72 20 Ekon.

754 1013 58 20 utsk.

1239 772 112 21 Hofrätts-

785 1040 91 25 1905/06
888 1042 6 20 i
905 1042 158 25 ridderskapet
1075 1042 43 20 och
1130 1042 73 20 adeln.
1221 1040 54 20 Led.
1287 1040 6 20 i
1304 1040 52 20 Rid-
1373 1057 2 11 |

753 1072 64 20 darh.
832 1072 60 20 utsk.

752 1134 125 27 Forsman,
895 1134 55 22 Carl
968 1134 107 26 Fredrik,

754 1174 15 20 f.
783 1174 62 24 1820,
857 1171 14 22 +
884 1173 63 21 1900.
965 1172 302 21 Referendariesekreterare
1278 1171 6 20 i
1295 1176 62 15 sena-

754 1205 49 18 tens
816 1203 251 25 justitiedepartement.
1097 1202 85 21 Afsked
1198 1201 62 21 1875.
1289 1200 68 21 Stats-

754 1233 47 20 räd.

787 1261 91 26 1863/64
890 1262 6 20 i
908 1262 158 26 ridderskapet
1078 1262 43 20 och
1133 1261 66 21 adeln
1214 1258 45 26 (för
1271 1260 43 20 adl.
1327 1260 30 19 ät-

754 1294 37 18 ten
805 1289 140 27 Indrenius).
975 1292 78 25 Suppl.
1066 1291 6 20 i
1086 1291 67 20 Allm.
1167 1291 63 20 Besv.
1245 1290 59 20 utsk.
1323 1285 34 27 (fr.

755 1322 12 20 5
784 1321 55 21 febr.
859 1319 74 26 1854).
965 1321 77 26 Suppl.
1059 1320 7 20 i
1082 1320 57 20 Just.
1155 1320 60 20 utsk.
1232 1320 43 20 och
1294 1315 35 27 (fr.
1347 1319 11 19 5

755 1351 56 20 febr.
830 1348 62 27 1864)
911 1351 6 20 i
933 1350 70 21 Ensk.
1019 1350 64 21 Besv.
1099 1350 60 20 utsk.

787 1381 54 20 1872
856 1380 5 20 i
876 1380 157 25 ridderskapet
1047 1380 43 20 och
1105 1380 72 20 adeln.

759 1437 36 25 (fr.
808 1441 8 19 1
829 1446 61 14 mars
900 1440 33 20 till
944 1440 13 20 8
967 1437 70 28 juni);
1049 1439 5 21 i
1066 1439 57 25 Exp.
1133 1439 60 20 utsk.
1204 1435 41 27 (till
1265 1438 5 20 9
1280 1434 79 26 mars).

756 1470 78 25 Suppl.
851 1469 6 21 i
873 1469 56 26 Exp.
945 1469 60 21 utsk.
1025 1466 35 27 (fr.
1078 1470 25 19 18
1120 1466 64 28 maj).

787 1497 92 27 1877/78
896 1499 6 20 i
919 1499 158 25 ridderskapet
1094 1499 43 20 och
1153 1499 74 20 adeln.

756 1529 53 20 Led.
825 1529 5 20 i
845 1529 109 24 Lagutsk.
971 1529 42 20 och
1029 1528 5 20 i
1051 1528 63 20 först.
1131 1527 120 21 Statsutsk.

756 1559 5 19 i
779 1559 64 19 först.
861 1558 110 21 Statutsk.
989 1558 42 20 och
1049 1558 6 20 i
1073 1557 62 20 först.
1153 1558 56 25 Lag-
1227 1557 42 20 och
1287 1555 73 20 Ekon.

757 1588 58 20 utsk.

789 1618 54 20 1882
855 1617 6 20 i
872 1617 159 26 ridderskapet
1041 1617 43 20 och
1096 1617 73 20 adeln.
1189 1616 99 21 Elektor.
1307 1615 53 20 Led.

757 1647 5 20 i
779 1647 117 25 Lagutsk.;
913 1647 5 20 i
933 1647 63 20 först.
1013 1646 120 21 Statsutsk.
1149 1647 43 19 och
1208 1646 5 20 i
1229 1645 64 20 först.
1309 1644 52 20 Bev.

757 1677 59 20 utsk.

790 1707 54 18 1885
857 1706 5 19 i
875 1705 157 26 ridderskapet
1045 1705 43 20 och
1101 1705 72 20 adeln.

758 1735 132 20 manskonf.
921 1735 101 21 Elektor.

1260 1497 100 20 Elektor.

1202 1703 78 27 Suppl.
1293 1703 6 20 i
1311 1703 50 20 Tal-

1207 1378 94 20 Elektor
1318 1374 41 27 (till
1376 1389 1 4 :

755 1411 13 19 8
781 1407 68 29 juni).
879 1410 78 26 Suppl.
975 1407 40 26 (till
1032 1410 8 20 1
1055 1406 80 27 mars).
1165 1409 52 20 Led.
1231 1408 6 20 i
1252 1406 107 26 Lagutsk.
1376 1408 1 3 |

1283 1525 77 26 Suppl.
1377 1544 2 6 i
