1506 1867
675 76 155 30 Personregister.
1358 78 37 18 389

99 97 45 36 —
201 97 204 36 ——
103 114 1291 14 nT1nfnn
1095 97 15 36 "29
1113 97 48 36 1.
1173 97 225 36 0-—

128 157 87 25 (Wrede,
229 156 67 20 Rabbe
309 154 66 24 Axel,)
768 151 88 23 (Wrede,
869 150 69 20 Rabbe
950 150 120 24 Wladimir,)

164 210 55 20 1885
230 208 6 20 i
247 206 158 26 ridderskapet
417 205 42 20 och
471 204 73 20 adeln.
564 203 100 21 Elektor.
683 202 53 20 Led.
803 201 92 27 1877/78
912 202 5 20 i
934 202 158 26 ridderskapet
1109 203 43 20 och
1168 202 68 21 adeln
1255 199 45 27 (för
1316 202 61 20 ätten

133 239 6 21 i
159 238 108 26 Lagutsk.
287 237 44 20 och
350 238 35 18 tre
403 235 85 26 gänger
507 234 7 20 i
536 234 63 20 först.
620 232 117 21 statsutsk.
752 225 12 43 |
772 229 205 29 Glansenstjerna).

134 268 78 26 Suppl.
229 268 7 20 i
253 266 126 21 Bankutsk.
412 265 81 20 Förste
509 263 74 26 suppil.
600 262 37 20 för
653 261 85 21 ridder-
804 263 54 20 1882
882 262 6 20 i
912 262 158 26 ridderskapet
1094 262 43 20 och
1161 262 67 20 adeln
1248 258 45 28 (för
1316 262 60 20 ätten

134 298 91 26 skapets
243 297 43 21 och
305 296 79 20 adelns
400 292 203 26 bankfullmäktig.
774 289 109 27 Ekbom).

165 328 56 20 1888
245 328 6 20 i
275 325 158 25 ridderskapet
457 324 43 20 och
525 323 74 20 adeln.
638 321 100 21 Elektor.
806 322 54 21 1885
883 321 7 21 i
911 322 159 26 ridderskapet
1092 322 43 20 och
1157 322 67 20 adeln
1250 318 46 28 (för
1317 322 59 20 ätten

136 358 64 20 Ordf.
213 357 6 20 i
231 356 107 26 Lagutsk.
358 355 53 20 Led.
424 354 6 20 i
443 354 64 20 först.
520 352 121 21 Statsutsk.
661 351 79 20 Förste

135 388 73 26 suppl.
226 387 36 20 för
278 385 170 25 ridderskapets
466 383 44 21 och
527 382 81 20 adelns
623 376 116 35 bankfull-

136 417 93 25 mäktig.

167 447 54 20 1891
243 446 7 20 i
268 444 170 25 ridderskapets
458 443 44 20 och
522 442 67 20 adeln
612 438 45 27 (för
676 439 64 26 grefl.

136 477 60 20 ätten
212 472 99 27 Creutz).
341 474 53 20 Led.
410 473 7 20 i
433 470 176 23 Talmanskonf.
640 469 100 20 Elektor.

138 507 52 20 Led.
208 506 7 20 i
233 505 107 26 Lagutsk.
373 503 79 26 Suppl.
469 502 7 20 i
494 501 58 21 Just.
569 500 60 20 utsk.
663 499 79 20 Förste

137 536 74 27 suppl.
228 535 35 20 för
281 533 170 26 ridderskapets
467 532 44 20 och
529 531 79 20 adelns
624 523 117 36 bankfull-

138 565 93 26 mäktig.

170 596 55 21 1894
237 595 6 20 i
255 593 157 26 ridderskapet
424 592 43 20 och
479 591 68 20 adeln
561 587 45 27 (för
616 588 53 21 frih.
681 588 62 20 ätten

139 623 104 26 Munck).
262 624 78 26 Suppl.
353 625 6 20 i
372 620 175 23 Talmanskonf.
567 619 101 20 Elektor.
689 617 53 20 Led.

140 657 43 20 och
196 655 57 21 ordf.
266 655 8 20 i
286 653 108 26 Lagutsk.
416 653 13 19 2
443 651 46 20 afd.
518 650 53 20 Led.
585 649 7 20 i
607 648 62 21 Sekr.
682 646 61 21 utsk.

140 686 43 21 och
199 685 7 21 i
223 685 63 20 först.
304 682 121 22 Statsutsk.
457 681 81 20 Förste
554 679 75 26 suppl.
647 677 35 20 för
698 676 45 21 rid-

140 716 131 25 derskapets
286 714 43 20 och
345 712 78 21 adelns
439 704 203 36 bankfullmäktig.

171 746 54 20 1897
242 745 7 20 i
264 743 158 25 ridderskapet
438 741 43 20 och
497 739 73 21 adeln.
601 738 53 20 Led.
671 737 7 20 i
693 736 51 20 Tal-

140 774 131 22 manskonf.
292 773 100 20 Elektor.
413 770 65 21 Ordf.
491 770 7 20 i
510 767 119 27 Lagutsk.;
642 767 6 20 i
661 765 83 27 Språk-

140 807 44 25 pet.
198 804 59 21 utsk.
271 803 43 21 och
328 803 6 20 i
348 802 63 21 först.
427 799 121 22 Statsutsk.
577 798 80 20 Förste
670 795 74 26 suppl.

142 836 35 20 för
194 833 168 26 ridderskapets
383 831 42 21 och
445 829 78 21 adelns
543 825 202 25 bankfullmäktig.

172 865 56 20 1899
239 864 7 20 i
257 862 158 25 ridderskapet
427 860 42 21 och
481 859 67 20 adeln
563 855 44 26 (för
619 856 53 21 frih.
684 856 61 19 ätten

142 892 81 28 Boije).
256 893 53 20 Led.
327 892 6 21 i
350 888 175 24 Talmanskonf.
559 887 100 21 Elektor.
692 879 53 35 Led.

143 925 6 20 i
165 923 107 26 Lagutsk.
290 923 43 20 och
351 921 6 20 i
374 921 57 25 Exp.
448 919 60 20 utsk.
675 945 3 4 |

174 954 55 21 1900
245 953 6 20 i
267 951 157 25 ridderskapet
440 949 44 20 och
500 948 73 20 adeln.
604 946 54 21 Led.
674 952 6 13 i
696 944 50 20 Tal-

144 983 131 22 manskonf.
303 981 101 20 Elektor.
433 978 65 21 Ordf.
513 978 6 20 i
533 976 107 26 Lagutsk.
669 975 79 20 Förste

144 1013 73 26 suppl.
234 1013 35 20 för
287 1010 169 25 ridderskapets
475 1008 42 21 och
536 1007 78 20 adelns
631 1003 115 22 bankfull-

144 1043 93 25 mäktig.

176 1071 91 26 1904/95
280 1072 6 19 i
297 1069 158 26 ridderskapet
466 1068 44 20 och
521 1067 66 20 adeln
603 1062 36 27 (fr.
652 1065 25 20 21
691 1063 56 20 febr.

147 1100 73 27 1905).
250 1101 64 21 Ordf.
330 1101 6 20 i
352 1100 56 25 Exp.
424 1098 59 21 utsk.
503 1094 36 27 (fr.
555 1097 25 20 31
597 1101 61 14 mars
674 1093 32 21 till
723 1093 25 20 15

145 1139 47 20 apr.
214 1129 73 26 1905).
323 1129 78 26 Suppl.
422 1129 6 20 i
449 1127 75 21 Särsk.
544 1127 64 19 Besv.
628 1124 60 21 utsk.
711 1120 36 27 (fr.

146 1164 26 19 28
186 1162 55 21 febr.
256 1157 74 28 1905).
351 1159 80 20 Förste
443 1157 74 26 suppl.
531 1156 35 20 för
579 1153 169 26 ridderskapets

144 1193 44 20 och
204 1191 77 21 adelns
297 1187 196 26 bankfullmäktig
511 1184 41 26 (till
567 1186 46 20 dec.
632 1180 73 27 1905).

176 1219 91 27 1905/06
283 1220 6 20 i
304 1218 158 25 ridderskapet
478 1217 43 20 och
537 1215 73 21 adeln.

143 1283 92 26 Wrede,
253 1281 80 25 Rabbe
350 1279 85 24 Gustaf
452 1279 67 26 Otto,

148 1323 102 23 friherre,
266 1321 15 20 f.
299 1321 62 20 1853.
393 1317 168 26 Civilingeniör.
592 1315 106 20 Direktör
714 1313 37 20 vid

147 1349 49 23 Åbo
212 1347 341 30 järnmanufakturaktiebolag.

180 1383 52 19 1891
247 1381 6 19 i
267 1379 157 25 ridderskapet
438 1378 43 20 och
495 1377 74 20 adeln.

148 1410 115 26 vägsutsk.
279 1410 42 20 och
337 1409 6 20 i
359 1409 62 19 först.
438 1408 53 20 Bev.
506 1406 60 20 utsk.

179 1441 55 20 1894
245 1440 6 20 i
263 1438 158 26 ridderskapet
433 1438 42 19 och
488 1436 73 21 adeln.
589 1435 53 20 Led.
655 1434 5 20 i
673 1434 77 20 Järnv.

148 1471 60 20 utsk.

180 1501 55 19 1899
252 1499 5 20 i
275 1498 158 25 ridderskapet
451 1496 42 20 och
512 1495 73 21 adeln.

180 1528 90 26 1904/05
284 1530 5 20 i
303 1527 157 25 ridderskapet
473 1526 44 20 och
531 1525 66 20 adeln
614 1521 35 27 (fr.
665 1523 25 20 14
704 1523 47 19 dec.

148 1560 33 20 till
196 1560 25 19 21
239 1558 55 20 febr.
312 1555 74 27 1905).

598 1375 53 20 Led.
666 1375 6 20 i
686 1374 65 20 Järn-

147 1620 91 26 Wrede,
256 1619 81 24 Rabbe
353 1618 132 26 Wladimir,

151 1665 102 23 friherre,
267 1664 14 20 f.
296 1664 63 23 1846,
371 1660 15 25 t
401 1663 63 20 1903.
492 1661 184 26 Underlöjtnant,
690 1660 64 26 gods-

150 1696 67 24 ägare
229 1694 29 26 på
271 1693 105 26 Arrajoki
390 1694 6 20 i
410 1692 100 20 Nastola.
539 1691 122 25 Löjtnants
674 1690 79 20 afsked

152 1725 62 20 1885.

774 351 97 21 Etholén
887 358 39 14 n:o
942 348 61 28 226).

806 382 53 20 1891
873 381 6 20 i
890 381 158 26 ridderskapet
1060 382 43 20 och
1114 382 67 20 adeln
1196 378 45 27 (för
1252 381 53 20 frih.
1317 382 60 19 ätten

775 408 121 27 Walleen).

807 441 55 20 1894
885 440 7 21 i
913 440 159 27 ridderskapet
1094 441 43 21 och
1159 441 68 20 adeln
1252 438 45 26 (för
1318 441 60 20 ätten

776 470 99 20 Etholén
894 477 41 14 n:o
954 467 60 28 226).
1050 471 54 20 Led.
1124 470 6 21 i
1151 470 200 24 Riddarhusutsk.;
1372 469 7 20 i

776 499 63 21 först.
856 500 108 25 Lagutsk.
982 501 42 19 och
1040 500 8 20 i
1063 500 63 21 först.
1142 501 121 20 Statsutsk.

808 531 54 19 1897
875 531 7 20 i
893 529 158 27 ridderskapet
1062 531 43 20 och
1117 531 66 20 adeln
1198 527 45 27 (för
1254 530 53 21 frih.
1319 531 60 19 ätten

777 565 44 15 von
835 557 176 27 Friesendorff).

808 590 56 20 1899
888 589 6 20 i
918 589 159 26 ridderskapet
1100 590 43 20 och
1166 590 69 20 adeln
1253 587 45 27 (för
1321 590 59 20 ätten

778 619 97 20 Etholén
890 625 40 14 n:o
946 617 61 26 225).

810 649 55 20 1900
877 649 6 20 i
894 649 159 26 ridderskapet
1064 650 43 20 och
1118 650 66 20 adeln
1199 647 46 26 (för
1255 649 53 21 frih.
1321 650 61 20 ätten

779 675 81 29 Boije).
893 679 52 20 Led.
963 679 7 20 i
985 679 191 21 Riddarhusutsk.

776 741 92 27 Wrede,
886 741 81 24 Rabbe
984 741 135 27 Zacharias,

780 781 103 24 friherre,
903 781 15 20 f.
940 781 62 24 1815,
1023 778 14 25 +
1059 781 62 20 1901.
1156 777 174 24 Öfverdirektör
1349 781 35 20 för

781 810 175 26 forststyrelsen.
968 811 86 20 Afsked
1066 811 62 20 1870.
1140 811 101 20 Statsråd
1253 817 88 14 samma
1352 810 31 21 år.

812 845 92 26 1863/64
927 846 7 20 i
959 846 157 26 ridderskapet
1141 847 42 20 och
1208 847 66 20 adeln
1297 843 36 27 (fr.
1359 847 25 19 10

782 882 51 14 nov.
847 873 73 27 1863).
940 876 79 26 Suppl.
1030 876 7 20 i
1048 876 55 26 Lag-
1114 877 42 20 och
1168 876 73 21 Ekon.
1253 876 60 21 utsk.
1325 876 42 21 och
1378 875 6 20 i

782 905 70 21 Ensk.
868 906 64 20 Besv.
948 906 60 20 utsk.
1028 903 36 27 (fr.
1082 907 26 19 13
1124 913 50 14 nov.
1194 904 73 26 1863).

779 967 93 28 Wrede,
889 968 111 22 Wilhelm
1018 968 92 27 Kasper
1126 969 101 28 Magnus
1243 968 100 29 August,

783 1007 103 24 friherre,
902 1007 15 20 f.
933 1008 63 19 1856.
1027 1007 134 26 Godsägare.

815 1044 53 19 1891
883 1043 6 20 i
902 1043 159 26 ridderskapet
1073 1044 43 20 och
1129 1043 67 21 adeln
1211 1040 45 27 (för
1267 1043 62 20 ätten
1342 1049 44 14 von

786 1070 100 27 Wendt).

815 1109 55 20 1894
884 1109 5 20 i
903 1109 159 26 ridderskapet
1074 1109 42 20 och
1129 1109 67 20 adeln
1212 1106 43 27 (för
1269 1109 62 20 ätten
1343 1115 44 14 von

784 1135 102 27 Wendt).

783 1201 91 26 Wrede,
892 1201 111 22 Wilhelm
1020 1201 60 22 Otto
1096 1201 91 27 Kasper
1203 1201 84 27 David,

786 1240 102 24 friherre,
905 1240 15 21 f.
940 1241 62 23 1827,
1019 1238 15 25 4
1052 1241 62 20 1878.
1145 1240 81 26 Major.

817 1274 91 27 1863/64
925 1276 7 20 i
948 1276 158 26 ridderskapet
1122 1277 43 19 och
1180 1276 67 20 adeln
1267 1273 45 27 (för
1329 1276 60 20 ätten

786 1303 182 27 Falckenheim).
1001 1306 179 26 Elektorssuppi.

784 1373 48 17 von
849 1368 99 28 Wright,
965 1368 143 27 Ferdinand,

787 1407 14 20 f.
828 1408 62 19 1863.
929 1407 109 20 Filosofie
1062 1407 115 20 kandidat.

787 1436 101 21 direktör
904 1436 36 21 för
955 1437 25 19 A.
997 1437 24 20 B.
1037 1437 77 25 Agros.

819 1472 55 20 1900
888 1474 5 20 i
907 1472 158 26 ridderskapet
1077 1473 42 19 och
1132 1472 66 20 adeln
1215 1469 44 27 (för
1271 1473 64 19 ätten
1347 1478 44 14 von

788 1499 106 27 Konow).
927 1502 78 26 Suppl
1022 1502 6 20 i
1045 1502 126 20 Bankutsk.

820 1536 91 26 1904/05
928 1538 6 20 i
950 1538 158 25 ridderskapet
1124 1538 42 20 och
1183 1538 66 20 adeln
1269 1535 45 26 (för
1331 1538 60 19 ätten

788 1574 44 13 von
848 1564 93 27 Törne).
972 1567 98 26 Suppl.i
1086 1568 77 20 Järnv.
1178 1568 60 20 utsk.
1253 1568 43 20 och
1314 1564 35 26 (fr.
1366 1567 25 19 14

789 1596 56 21 febr.
862 1594 64 27 1905)
945 1597 6 20 i
967 1597 76 20 Särsk.
1060 1597 63 20 Besv.
1139 1597 59 20 utsk.
1222 1596 82 26 Tredje
1318 1596 73 26 suppi.

789 1626 35 20 för
839 1626 170 26 ridderskapets
1024 1627 44 20 och
1084 1627 77 20 adelns
1176 1626 158 21 bankrevisor.

790 1692 4 3 .
820 1660 93 27 1905/06
930 1662 7 20 i
955 1662 158 26 ridderskapet
1129 1663 42 19 och
1189 1662 67 20 adeln
1277 1662 45 24 (för
1340 1661 52 20 frih.

789 1692 63 20 ätten
864 1690 173 27 Stjerncrantz).
1066 1692 92 20 Elektor
1173 1689 36 27 (fr.
1223 1692 26 19 31
1261 1691 43 25 juli
1319 1688 73 26 1906).

790 1721 78 26 Suppl.
885 1721 7 20 i
907 1722 78 20 Järnv.
1001 1722 59 20 utsk.
1092 1722 53 20 Led.
1152 1716 12 36 i
1183 1721 64 20 först.
1264 1721 53 19 Bev.
1334 1720 58 20 utsk.

1217 1407 173 20 Verkställande
