1503 1867
635 70 155 22 Personregister.

94 194 47 17 von
158 188 121 27 Schrowe,
295 189 77 22 Johan
390 189 117 27 Gerhard,

71 224 1 3 |
96 228 14 19 f.
136 228 62 20 1864.
237 228 111 20 Medicine
370 227 118 25 kandidat,
513 228 99 20 licentiat
637 228 62 20 1898.

96 257 187 21 Distriktsläkare
297 259 6 20 i
319 257 163 21 Tammerfors.

127 287 56 21 1894
200 287 7 20 i
225 287 156 26 ridderskapet
399 288 43 20 och
460 287 72 21 adeln.

127 317 54 20 1897
200 317 7 20 i
224 317 157 26 ridderskapet
398 318 43 19 och
460 317 72 21 adeln.

128 347 55 20 1900
199 347 6 20 i
221 347 157 26 ridderskapet
393 347 43 20 och
452 347 66 21 adeln
538 344 36 27 (fr.
590 348 27 19 25
633 344 66 28 maj).

127 375 92 27 1904/05
238 377 6 20 i
264 377 156 26 ridderskapet
439 377 43 20 och
502 377 74 20 adeln.

128 404 91 27 1905/06
233 406 6 20 i
253 406 156 26 ridderskapet
423 407 43 20 och
480 407 65 20 adeln
562 404 36 27 (fr.
612 407 27 20 28
652 406 47 26 maj

98 433 74 27 1906).

93 497 49 17 von
159 491 120 26 Schrowe,
295 492 63 23 John
376 492 96 27 Henrik,

98 531 13 20 f.
129 532 62 23 1825,
207 529 14 24 T
239 531 61 20 1904.
330 531 158 21 Possessionat
502 532 5 19 i
524 531 81 21 Gustaf
620 531 79 21 Adolfs

97 561 90 24 socken,
205 561 104 20 länsman
326 561 41 20 där
385 562 151 21 1868—1898.

128 589 91 27 1863/64
239 592 5 20 i
264 591 157 26 ridderskapet
440 592 42 20 och
502 592 73 20 adeln.

129 621 53 20 1867
202 620 4 20 i
225 621 156 26 ridderskapet
400 621 41 20 och
459 621 73 21 adeln.

128 651 54 20 1872
201 651 6 19 i
224 650 157 27 ridderskapet
400 651 42 20 och
460 651 73 20 adeln.

129 681 54 19 1885
200 680 5 20 i
224 680 156 26 ridderskapet
399 681 42 19 och
460 681 73 20 adeln.

128 710 55 20 1888
200 710 6 20 i
224 710 157 26 ridderskapet
398 711 43 19 och
460 711 73 20 adeln.

128 740 55 20 1899
201 740 6 19 i
225 739 157 27 ridderskapet
399 740 43 20 och
460 741 73 20 adeln.

93 800 48 17 von
159 794 120 28 Schrowe,
298 796 52 22 Uno
366 795 60 23 Otto
443 796 105 26 Gabriel,

96 834 15 20 f.
128 835 61 23 1853,
205 832 13 25 1
233 835 62 20 1886.
323 834 203 21 Lärarekandidat.

97 864 73 26 Borgå
185 864 89 26 lyceum
291 865 62 20 1885.

128 894 55 20 1882
200 894 4 20 i
221 894 156 26 ridderskapet
394 896 42 18 och
453 895 73 20 adeln.

556 835 92 25 Kollega
662 834 37 21 vid

71 955 1 10 :
93 949 98 23 Schulin
208 951 13 21 1.
238 950 93 27 Vesala,
348 950 86 27 Johan,

97 989 14 20 f.
131 990 62 23 1757,
211 986 14 25 1
245 990 61 20 1829.
339 989 195 25 Hemmansägare
552 990 6 20 i
576 989 124 26 Uleåborgs

98 1019 207 26 landsförsamling,
325 1019 51 20 frän
398 1020 53 20 1811
472 1019 6 20 i
498 1019 111 26 Limingo.
644 1020 56 24 Lag-

97 1049 122 20 mansrätts
238 1050 162 19 nämndeman.

129 1079 54 20 1809
204 1079 85 20 ombud
312 1079 34 19 för
366 1078 55 21 Uleä
442 1080 106 24 domsaga
571 1080 41 19 och
635 1078 64 21 Kemi

97 1108 77 20 härad.
206 1109 74 19 Led.i
298 1109 144 20 Finansutsk.

71 1159 1 4 |
94 1163 136 27 Schulman,
247 1164 135 22 Alexander
399 1164 109 22 Leonard
526 1164 62 27 Carl,

97 1202 14 21 f.
125 1203 62 24 1819,
200 1200 14 25 $
229 1203 62 20 1890.
318 1203 179 26 Generalmajor,
510 1203 189 26 generallöjtnant

98 1233 61 20 1877.
190 1232 227 26 Krigskommissarie
431 1233 7 20 i
452 1233 59 20 Vasa
527 1233 43 20 län.

128 1263 55 20 1872
201 1262 6 20 i
224 1262 157 27 ridderskapet
399 1263 42 20 och
460 1263 74 20 adeln.

128 1293 55 19 1888
201 1292 6 20 i
225 1292 157 26 ridderskapet
400 1293 42 20 och
460 1293 73 20 adeln.

71 1371 1 3 |
93 1347 137 27 Schulman,
247 1347 68 22 Allan
334 1347 54 23 Carl
406 1348 140 26 Waldemar,

98 1387 14 19 f.
131 1387 61 20 1863.
225 1387 108 20 Arkitekt.

128 1417 55 20 1894
200 1417 6 19 i
225 1416 157 26 ridderskapet
400 1417 42 20 och
461 1417 73 20 adeln.

93 1465 138 28 Schulman,
249 1466 54 23 Carl
320 1466 69 22 Allan
406 1467 70 32 Knut,

97 1505 15 20 f.
129 1505 62 24 1860,
205 1503 14 25 1
235 1506 62 20 1892.
326 1505 123 26 Agronom.

129 1535 54 20 1885
195 1536 7 20 i
213 1535 156 26 ridderskapet
381 1535 42 20 och
436 1535 65 20 adeln
518 1532 43 26 (för
575 1535 51 20 frih.
639 1536 61 19 ätten

98 1561 129 28 Carpelan).

94 1613 137 28 Schulman,
249 1614 54 22 Carl
321 1615 117 25 Leonard,

98 1653 14 19 f.
128 1654 62 23 1818,
211 1650 7 25 I
233 1653 63 20 1880.
324 1653 87 25 Kapten
426 1653 36 20 vid
476 1653 141 20 Tavastehus
630 1653 71 20 batal-

97 1682 46 25 jon.
174 1682 84 26 Majors
273 1682 79 21 afsked
369 1683 62 20 1868.

129 1710 91 27 1863/64
240 1712 7 20 i
265 1712 159 26 ridderskapet
441 1713 42 19 och
503 1712 74 20 adeln.

732 189 136 28 Schulman,
886 190 54 23 Carl
957 191 101 28 Magnus
1075 191 77 28 Hugo,

735 229 14 20 f.
769 230 62 19 1850.
864 230 176 25 Generalmajor.

765 257 92 27 1904/05
871 259 5 20 i
889 259 156 26 ridderskapet
1059 260 42 20 och
1116 260 66 20 adeln
1199 257 36 27 (fr.
1252 261 24 20 17
1290 261 47 20 dec.
1355 247 1 8 '

736 285 74 28 1904).

766 316 91 27 1905/06
874 319 6 20 i
897 318 157 27 ridderskapet
1070 319 43 20 och
1130 320 67 20 adeln
1217 316 44 27 (för
1277 321 60 19 ätten

735 354 43 14 von
793 347 89 22 Zansen
897 348 26 21 fr.
941 349 22 20 11
981 355 48 20 apr.
1046 346 74 27 1906).

732 403 137 28 Schulman,
887 403 53 23 Carl
959 403 87 24 Rudolf
1062 404 98 27 Krister,

735 443 14 20 f.
768 443 61 20 1853.
861 443 108 26 Löjtnant
984 443 37 20 vid
1037 443 102 26 Nylands
1155 443 103 26 bataljon
1276 445 61 23 1881,

735 472 37 21 vid
793 479 103 14 reserven
920 473 61 20 1887.
1020 469 215 30 GOÖfverstelöjtnants
1258 473 80 21 afsked

737 503 61 20 1899.

766 533 55 20 1882
839 532 5 20 i
863 533 157 26 ridderskapet
1038 533 42 20 och
1099 533 73 20 adeln.

766 563 54 20 1885
839 562 4 20 i
863 562 157 26 ridderskapet
1037 563 42 20 och
1098 563 73 20 adeln.
1355 578 1 4 !

766 593 55 20 1899
843 592 7 20 i
872 592 156 26 ridderskapet
1052 593 42 20 och
1116 593 67 20 adeln
1210 590 44 23 (för
1277 593 61 20 ätten

735 619 203 28 Glansenstjerna).

766 652 55 20 1900
844 651 6 20 i
873 651 156 27 ridderskapet
1052 653 42 19 och
1118 653 65 19 adeln
1211 650 43 26 (för
1277 653 60 19 ätten

735 688 39 13 n:o
787 682 42 20 225
843 679 115 26 Ethol6n).

766 709 91 27 1904/05
871 711 4 19 i
889 711 156 26 ridderskapet
1059 712 42 20 och
1114 712 66 20 adeln
1197 708 40 27 (till
1253 712 24 19 17
1291 712 46 19 dec.

737 738 73 27 1904).

766 769 92 27 1905/06
872 771 4 19 i
890 771 157 26 ridderskapet
1060 772 43 20 och
1116 772 67 20 adeln
1200 768 35 27 (fr.
1249 772 27 19 24
1290 776 47 20 apr.
1355 795 1 4 ;

738 797 72 27 1906).

733 855 136 28 Schulman,
886 856 53 22 Max
957 856 55 24 Karl
1029 856 105 27 Werner,

735 895 14 20 f.
766 896 61 23 1869,
842 893 14 25 f
872 896 60 19 1901.
962 896 76 20 Andre
1050 896 86 20 revisor
1150 896 6 20 i
1170 895 167 20 revisionskon-

735 926 64 20 toret.

766 956 55 20 1899
839 956 8 20 i
863 955 158 26 ridderskapet
1038 956 42 19 och
1099 955 73 21 adeln.

767 985 54 20 1900
836 985 6 20 i
857 984 157 26 ridderskapet
1030 986 42 19 och
1090 984 72 22 adeln.

735 1014 58 20 utsk.

733 1069 136 28 Schulman,
887 1070 58 22 Otto
963 1069 54 23 Carl
1036 1070 114 27 Hjalmar,

735 1109 15 20 f.
764 1110 62 20 1857.
853 1108 142 27 Lyceilektor
1011 1109 1 20 i
1024 1108 164 25 Tammerfors,
1200 1108 138 21 öfverlärare

1195 985 51 20 Led.
1263 984 6 20 i
1285 984 52 20 Bev.
1355 977 1 22 |

734 1138 37 21 vid
786 1139 96 20 svenska
899 1139 180 25 normallyceum
1094 1139 7 20 i
1116 1138 143 26 Helsingfors
1276 1139 62 19 1911.
1355 1156 1 3 ;

738 1195 73 27 1905).

733 1253 24 22 af
772 1252 121 28 Schulten,
909 1253 73 22 Arvid
999 1254 96 26 Mikael,

736 1292 101 25 friherre,
855 1292 14 21 f.
888 1293 61 24 1861,
966 1290 14 24 1
999 1293 61 20 1909.
1091 1293 128 20 Litteratör.

767 1323 54 20 1894
844 1322 6 20 i
873 1322 157 26 ridderskapet
1053 1323 42 20 och
1118 1323 66 19 adeln
1210 1319 44 27 (för
1277 1323 61 18 ätten

736 1349 137 27 Edelheim).
906 1352 52 20 Led.
977 1352 5 20 i
1001 1352 63 20 först.
1081 1352 108 25 Lagutsk.

768 1380 91 27 1905/06
878 1382 7 20 i
902 1381 157 26 ridderskapet
1078 1382 43 20 och
1141 1382 72 20 adeln.

733 1437 24 22 ai
773 1436 120 28 Schulten,
910 1437 92 28 August
1018 1436 133 27 Benjamin,

737 1475 102 25 friherre,
856 1475 15 21 f.
891 1477 61 23 1856,
970 1473 14 25 %
1003 1476 61 20 1912.
1097 1475 93 21 Docent.

768 1506 55 20 1894
835 1506 6 20 i
852 1505 158 26 ridderskapet
1021 1506 43 19 och
1076 1506 65 20 adeln
1158 1502 43 27 (för
1214 1505 52 20 frih.
1278 1505 61 19 ätten

736 1532 139 27 Indrenius).
907 1535 53 20 Led.
978 1535 6 20 i
1001 1535 63 20 först.
1082 1535 108 25 Lagutsk.

768 1566 53 19 1897
834 1565 6 20 i
852 1565 157 25 ridderskapet
1021 1565 43 20 och
1075 1565 65 20 adeln
1156 1561 44 27 (för
1212 1564 53 20 frih.
1278 1564 61 19 ätten
1357 1566 1 4 |

767 1166 90 27 1904/05
872 1168 5 20 i
892 1168 156 26 ridderskapet
1062 1168 43 20 och
1118 1168 65 20 adeln
1201 1165 35 26 (fr.
1251 1168 24 19 24
1290 1173 48 20 apr.

736 1594 79 26 Hjerta
832 1594 27 21 fr.
877 1595 12 20 5
906 1594 33 21 till
956 1595 27 20 25
999 1594 56 21 febr.
1073 1595 42 20 och
1133 1594 36 20 för
1185 1595 61 18 ätten
1264 1594 76 23 Seger-
1357 1597 1 3 :

736 1624 68 20 sträle
819 1624 27 20 fr.
864 1625 27 19 23
907 1622 80 26 mars).

768 1654 55 20 1899
840 1653 7 20 i
864 1653 158 26 ridderskapet
1040 1654 42 20 och
1100 1654 74 19 adeln.

768 1683 55 20 1900
839 1684 7 20 i
861 1682 157 26 ridderskapet
1034 1683 42 20 och
1092 1683 74 19 adeln.

737 1712 64 20 darh.
819 1712 59 20 utsk.
898 1709 35 24 (fr.
950 1713 28 19 20
994 1710 66 28 apr.).

1198 1682 52 20 Led.

1267 1682 5 19 i
1289 1680 51 22 Rid-
1357 1675 2 2 |
