1506 1870
105 79 36 18 390

678 80 156 23 Personregister.

127 204 49 18 von
192 200 100 28 Wright,
307 199 112 29 Magnus,

130 238 15 21 f.
162 239 62 24 1805,
240 236 17 26 T
274 239 61 21 1868.
365 238 113 22 Ritlärare
492 238 38 22 vid
545 238 161 21 universitetet.

162 267 93 27 1863/64
269 268 7 21 i
289 268 158 26 ridderskapet
463 269 42 20 och
519 268 74 21 adeln.

127 329 48 18 von
192 324 100 28 Wright,
308 324 87 23 Viktor
410 324 85 27 Julius,

130 363 16 21 f.
165 364 62 20 1856.
262 363 127 21 Fabrikant
406 363 8 21 i
431 362 150 27 Helsingfors.

161 394 55 20 1882
234 393 7 21 i
260 393 157 26 ridderskapet
434 393 43 21 och
495 393 73 21 adeln.

161 424 55 20 1885
239 423 9 20 i
272 423 157 26 ridderskapet
453 423 43 21 och
520 423 73 20 adeln.
625 422 79 26 Suppl
728 422 7 20 i

130 452 74 21 Ekon.
217 452 62 21 utsk.

160 483 56 20 1888
238 482 8 21 i
271 482 158 27 ridderskapet
453 483 43 20 och
519 482 74 21 adeln.
625 482 78 26 Suppl
728 481 7 20 i

130 512 73 21 Ekon.
219 512 62 21 utsk.

161 543 53 20 1891
233 542 7 21 i
259 541 157 27 ridderskapet
433 542 43 21 och
494 542 73 20 adeln.

161 572 55 21 1894
233 571 8 21 i
259 571 157 26 ridderskapet
433 572 42 20 och
493 571 74 21 adeln.

161 602 54 21 1897
233 601 7 21 i
259 601 157 26 ridderskapet
434 602 43 20 och
495 601 74 21 adeln.

160 632 56 21 1899
233 631 7 21 i
259 631 157 26 ridderskapet
433 632 43 20 och
494 631 73 21 adeln.

161 661 55 21 1900
227 661 7 21 i
246 661 158 26 ridderskapet
417 661 44 21 och
473 661 73 21 adeln.
574 661 73 20 Led.i
660 660 73 21 Ekon.

129 691 60 20 utsk.
208 691 44 20 och
270 691 7 20 i
293 691 64 21 först.
376 691 52 21 Bev.
446 691 60 20 utsk.

161 719 92 27 1904/05
275 721 7 20 i
303 721 160 26 ridderskapet
483 721 43 20 och
547 720 74 21 adeln.

129 751 74 20 Ekon.
217 751 61 20 utsk.

160 779 94 27 1905/06
273 781 7 20 i
299 780 160 27 ridderskapet
477 781 44 20 och
541 780 73 21 adeln.
642 779 65 21 Ordf.
727 779 7 20 i

129 810 74 21 Ekon.
220 810 61 21 utsk.
299 808 43 27 (till
357 811 28 20 28
400 810 50 27 juni
469 807 74 28 1906).

651 719 83 22 Led.
717 715 20 37 i

126 867 141 28 Wuolijoki,
282 867 64 22 Juho
363 867 98 27 Robert,

129 906 15 21 f.
161 907 63 24 1843,
238 903 17 26 T
270 906 61 21 1911.
361 905 146 22 Rusthällare
520 905 7 21 i
542 905 91 21 Hauho.

160 936 55 20 1885
230 935 132 26 fullmäktig
376 935 37 21 för
427 935 92 21 Hollola
533 935 116 25 domsaga.
680 935 53 19 Led.

129 965 7 21 i
154 965 55 26 Lag-
227 965 45 21 och
290 965 74 21 Ekon.
383 965 60 21 utsk.
477 964 78 26 Suppl.
574 966 34 19 tre
625 964 84 26 gånger
726 963 8 21 i

129 995 64 21 först.
210 995 122 21 Statsutsk.

160 1026 56 20 1888
229 1024 133 26 fullmäktig
377 1024 35 21 för
427 1024 92 21 Hollola
533 1024 116 25 domsaga.

129 1054 5 21 i
152 1054 109 26 Lagutsk.
293 1054 79 26 Suppl.
389 1054 6 20 i
412 1054 64 21 först.
493 1054 121 20 Statsutsk.

160 1085 55 20 1894
228 1084 132 26 fullmäktig
372 1082 36 22 för
421 1084 91 20 Hollola
523 1084 116 25 domsaga.
667 1082 66 21 Elek-

129 1114 124 26 torssuppl.
280 1113 53 21 Led.
344 1114 7 20 i
362 1114 56 26 Lag-
430 1114 43 20 och
484 1114 74 20 Ekon.
569 1113 70 24 utsk.;
644 1109 9 35 i
669 1113 64 20 först.

128 1144 108 25 Lagutsk.
255 1144 42 20 och
314 1143 7 21 i
338 1143 64 21 först.
421 1143 120 21 Statsutsk.

160 1174 54 20 1897
228 1173 132 26 fullmäktig
372 1173 35 21 för
420 1173 91 21 Hollola
523 1174 115 24 domsaga.
667 1172 66 20 Elek-

128 1203 125 26 torssuppl.
271 1203 53 21 Led.
336 1202 7 21 i
354 1203 57 26 Lag-
423 1203 43 21 och
477 1203 74 20 Ekon.
563 1202 70 24 utsk.;
644 1202 8 20 i
662 1202 70 20 Ensk.

129 1232 120 26 Spräkpet.
264 1232 59 21 utsk.
339 1233 44 20 och
396 1232 7 21 i
418 1232 63 21 först.
497 1232 122 21 Statsutsk.

160 1263 56 21 1899
228 1262 132 26 fullmäktig
372 1262 36 21 för
420 1262 92 21 Hollola
523 1262 116 26 domsaga.

128 1292 124 25 torssuppl.
284 1292 53 21 Led.
353 1292 7 20 i
376 1292 108 25 Lagutsk.

160 1322 56 21 1900
227 1321 133 26 fullmäktig
371 1321 36 21 för
419 1321 92 21 Hollola
523 1321 116 25 domsaga.
667 1320 65 21 Elek-

129 1353 42 19 tor.
190 1351 53 21 Led.
255 1351 7 20 i
273 1351 55 26 Lag-
339 1351 44 21 och
395 1351 74 21 Ekon.
480 1351 60 20 utsk.
560 1350 79 27 Suppl.
644 1346 9 36 i
669 1350 63 21 först.

128 1381 53 20 Bev.
198 1381 61 20 utsk.

160 1408 92 27 1904/05
279 1410 132 26 fullmäktig
436 1410 37 20 för
499 1410 91 20 Hollola
616 1410 116 25 domsaga.

128 1440 149 20 Vicetalman.
309 1440 79 26 Suppl.
413 1440 8 20 i
443 1439 175 21 Talmanskonf.
649 1438 53 22 Led.
726 1438 7 20 i

128 1469 56 26 Lag-
199 1470 43 20 och
257 1470 73 20 Ekon.
345 1470 60 20 utsk.

680 1023 53 21 Led.

667 1261 66 21 Elek-

125 1525 196 28 Wuorenheimo,
339 1526 47 27 (till
401 1528 25 20 är
443 1526 66 22 1903:
525 1524 140 30 Bergbom),
677 1524 56 22 Erik

185 1555 96 27 Ossian,

128 1594 15 21 f.
164 1595 62 20 1845.
261 1594 112 26 Ingeniör.
407 1591 174 24 OÖfverdirektör
598 1594 7 20 i
623 1593 109 26 öfversty-

127 1624 75 20 relsen
217 1624 36 21 för
269 1624 50 26 väg-
336 1625 44 19 och
395 1623 337 22 vattenkommunikationerna

129 1654 63 20 1892.
224 1654 95 20 Senator
336 1654 152 21 1896—1905.
519 1653 74 21 Adlad
610 1653 63 21 1903.

159 1690 55 20 1888
245 1689 132 26 fullmäktig
407 1690 36 20 för
467 1690 79 20 staden
567 1688 165 21 Tammerfors.

128 1718 79 26 Suppl.
222 1718 6 21 i
244 1719 78 20 Järnv.
338 1719 59 21 utsk.

768 152 171 23 (Wuorenheimo,
952 151 35 24 [till
1000 151 21 19 är
1034 151 54 19 1903:
1102 152 116 24 Bergbom],
1231 152 47 19 Erik
1289 151 89 24 Ossian,)

801 202 92 27 1904/05
905 203 9 21 i
925 203 159 26 ridderskapet
1096 204 44 20 och
1153 204 74 20 adeln.
1247 204 128 20 Vicelandt-

770 233 125 21 marskalk.
951 233 234 21 Landtmarskalk
1226 230 36 28 (fr.
1277 234 26 20 27
1318 233 57 21 febr.

772 260 74 28 1905).

768 320 138 26 Vuorimaa,
923 319 27 23 A.
968 319 36 28 O.,
1022 328 23 14 se
1061 320 140 28 Blomberg.

768 379 106 27 Wähälä,
890 379 64 23 Juho
972 379 124 28 (Juhana),

770 419 15 20 f.
800 420 62 23 1836,
886 416 6 26 $
907 419 63 21 1900.
1000 419 197 25 Hemmansägare
1209 418 8 21 i
1231 418 87 21 Ullava.

801 449 55 20 1885
871 448 131 26 fullmäktig
1017 448 36 21 för
1067 448 177 26 Gamlakarleby
1258 449 116 25 domsaga.

770 478 78 26 Suppl.
861 479 7 21 i
880 478 108 26 Lagutsk.
1001 478 43 21 och
1056 477 8 22 i
1076 477 127 22 Bankutsk.
1219 475 36 27 (fr.
1269 479 12 20 2
1294 475 80 27 mars).

801 509 55 20 1888
871 507 132 27 fullmäktig
1017 507 35 21 för
1067 507 177 27 Gamlakarleby
1258 509 116 24 domsaga.

770 537 181 26 Elektorssuppl.
982 538 80 26 Suppl.
1079 537 7 21 i
1102 537 108 26 Lagutsk.

767 593 155 28 Wärnhjelm,
939 593 72 23 Ernst
1026 593 62 22 Emil
1105 594 120 27 Wilhelm,

770 633 14 21 f.
802 634 62 23 1823,
880 630 15 26 1
912 633 63 21 1890.
1005 633 89 26 Kapten
1110 633 37 20 vid
1162 633 77 20 finska
1254 633 133 26 gardesba-a

769 663 108 26 taljonen.
910 659 188 24 Öfversteafsked
1118 663 62 20 1874.

800 691 92 28 1863/64
909 693 6 20 i
930 692 159 27 ridderskapet
1104 693 43 20 och
1164 693 66 20 adeln
1250 689 36 28 (fr.
1303 689 71 28 nov.).

800 723 55 21 1867
873 722 7 21 i
897 723 159 26 ridderskapet
1073 723 43 20 och
1134 723 74 20 adeln.

801 753 55 20 1872
874 752 6 21 i
896 752 160 27 ridderskapet
1074 753 43 20 och
1134 753 74 20 adeln.

801 781 92 27 1877/78
914 782 6 21 i
940 782 159 27 ridderskapet
1120 783 43 20 och
1184 783 73 20 adeln.
1295 782 78 26 Suppl.

768 812 7 21 i
789 812 193 21 Riddarhusutsk.
1001 809 36 28 (fr.
1054 813 28 20 29
1096 812 47 26 maj
1159 812 33 21 till
1209 813 10 20 1
1235 812 46 21 okt.
1299 809 74 27 1877).

766 874 155 28 Wärnhjelm,
938 874 82 29 Georg
1036 875 105 22 Herman
1157 874 100 28 August.

769 914 15 20 f.
799 915 62 20 1858.
889 913 109 26 Löjtnant
1010 913 37 21 vid
1059 913 107 26 Wiborgs
1178 913 109 26 bataljon,
1301 913 72 20 öfver-

769 943 139 26 stelöjtnant.
944 943 234 26 Sjukhussyssloman
1197 943 7 20 i
1223 942 102 26 Wiborg.

800 974 56 20 1888
872 973 8 20 i
895 972 159 27 ridderskapet
1071 973 43 20 och
1131 973 73 20 adeln.

800 1003 55 21 1894
872 1002 8 21 i
896 1002 157 26 ridderskapet
1071 1003 43 20 och
1131 1002 73 21 adeln.

800 1033 56 21 1899
872 1032 7 21 i
895 1032 159 26 ridderskapet
1071 1032 43 21 och
1131 1032 73 20 adeln.

800 1060 92 27 1905/06
908 1062 7 20 i
932 1062 159 26 ridderskapet
1107 1062 43 20 och
1167 1062 74 20 adeln.

766 1124 156 28 Wärnhjelm,
939 1124 105 22 Herman
1062 1124 82 28 Georg
1159 1124 86 26 Maria,

768 1164 16 20 f.
798 1164 62 24 1808,
873 1161 15 25 1
901 1164 63 20 1882.
984 1162 148 22 Hofrättsräd
1146 1163 3 21 i
1161 1163 108 26 Wiborgs
1280 1162 93 25 hofrätt,

768 1194 70 20 sedan
852 1193 173 26 vicepresident.

800 1222 92 26 1863/64
910 1224 7 21 i
936 1222 160 27 ridderskapet
1114 1223 43 21 och
1176 1222 73 21 adeln.

766 1285 83 27 Wärri,
866 1285 88 24 Kaarlo
971 1284 117 29 (Kaarle),

768 1324 15 21 f.
801 1325 63 20 1839.
894 1323 146 22 Rusthällare
1055 1323 7 21 i
1077 1323 84 26 Pöytis.

799 1355 55 20 1867
871 1353 132 26 fullmäktig
1020 1353 36 21 för
1072 1353 82 20 Masku
1171 1353 116 25 domsaga.
1319 1352 53 21 Led.

768 1383 6 21 i
793 1383 71 21 Ensk.
883 1383 64 21 Besv.
967 1383 60 21 utsk.
1046 1383 43 20 och
1112 1379 35 28 (fr.
1167 1383 28 20 28
1212 1379 56 29 maj)
1290 1382 6 21 i
1315 1382 57 21 Just.

768 1413 59 21 utsk.
862 1412 78 26 Suppl.
959 1412 7 20 i
984 1412 191 26 Grundlagsutsk.

798 1441 93 27 1877/78
920 1442 131 26 fullmäktig
1080 1442 36 20 för
1145 1442 84 20 Masku
1256 1442 116 25 domsaga.

768 1472 100 21 Elektor.
898 1472 78 26 Suppl.
989 1472 8 20 i
1010 1472 75 20 Ekon.
1099 1471 70 24 utsk.;
1183 1472 7 20 i
1205 1471 113 21 Statsutsk
1335 1468 37 28 (fr.

768 1503 26 19 27
814 1508 48 20 apr.
883 1499 64 27 1877)
970 1502 42 20 och
1031 1502 7 20 i
1056 1501 203 21 Ständerhusutsk.
1293 1501 54 20 Led.
1365 1500 8 20 i

768 1532 63 20 först.
848 1531 109 26 Lagutsk.
974 1532 43 20 och
1033 1531 7 21 i
1056 1531 65 20 först.
1138 1531 53 20 Bev.
1208 1530 60 21 utsk.

799 1562 55 20 1882
868 1561 131 26 fullmäktig
1013 1561 36 21 för
1063 1560 82 21 Masku
1160 1561 116 25 domsaga.
1306 1559 66 21 Elek-

767 1592 42 20 tor.
841 1591 54 21 Led.
912 1591 7 20 i
937 1590 121 21 Statsutsk.
1076 1591 43 20 och
1136 1592 6 20 i
1159 1590 65 20 först.
1241 1590 53 20 Bev.
1312 1589 59 21 utsk.

768 1621 78 25 Suppl.
865 1620 7 21 i
888 1620 58 21 Just.
965 1620 60 21 utsk.

799 1657 55 20 1885
867 1656 132 26 fullmäktig
1013 1656 36 20 för
1063 1656 82 20 Masku
1159 1656 117 24 domsaga.
1306 1654 66 21 Elek-

767 1688 42 19 tor.
840 1686 53 20 Led.
917 1686 7 20 i
947 1686 122 20 Statsutsk.
1100 1685 79 26 Suppl.
1202 1684 7 21 i
1231 1684 57 21 Just.
1311 1684 61 21 utsk.

767 1716 82 26 Tredje
868 1716 74 25 suppl.
963 1716 36 20 för
1018 1714 179 22 bondeständets
1215 1713 157 22 bankrevisor.
