1492 1867
650 82 153 23 Personregister.

1331 79 34 19 301

106 201 142 27 Kotilainen,
264 202 70 27 Juho,

107 240 15 20 f.
142 241 62 24 1814,
221 238 14 25 1
256 242 61 20 1876.

107 271 99 20 domare.

138 298 91 27 1863/64
254 300 131 26 fullmäktig
408 301 35 21 för
466 301 152 21 Lill-Savolax
642 302 69 20 nedre

108 331 114 25 domsaga.
243 330 99 21 Elektor.
363 331 52 21 Led.
427 331 6 20 i
445 332 108 25 Lagutsk.
566 332 43 20 och
621 332 6 20 i
640 332 69 20 Ensk.

108 360 62 20 Besv.
188 360 60 20 utsk.

351 242 79 20 Bonde
446 242 6 20 i
470 242 128 24 Heinävesi,
616 242 93 21 härads-

106 416 101 28 Krabbe,
224 416 58 22 Axel
300 417 117 28 Henning,

109 456 13 20 f.
147 456 61 24 1823,
230 453 15 25 T
269 456 61 20 1865.
367 456 81 26 Major.

108 486 86 20 afsked.

140 514 90 27 1863/64
248 516 6 20 i
270 516 157 26 ridderskapet
444 516 42 20 och
504 516 73 21 adeln.

485 452 225 31 Öfverstelöjtnants-

107 571 101 27 Krabbe,
226 571 54 23 Carl
298 572 80 27 Arvid,

109 611 14 20 f.
146 612 61 23 1779,
226 608 15 25 t
262 612 62 20 1835.
360 611 143 21 Sekreterare
522 612 6 20 i
547 612 60 20 Vasa
625 612 87 21 hofrätt

111 641 61 24 1806,
195 641 158 21 konstituerad
378 648 106 18 assessor,
509 642 114 21 ordinarie
650 643 61 20 1811.

109 671 101 25 Lagman
226 671 6 20 i
246 670 58 21 Vasa
318 672 43 20 och
375 671 57 21 Uleå
445 672 91 25 lagsaga
551 672 62 20 1826.
643 672 68 20 Stats-

109 700 39 21 råd
165 702 61 19 1832.

141 731 55 20 1809
208 730 6 20 i
227 730 157 26 ridderskapet
398 732 42 20 och
454 732 72 20 adeln.
555 732 53 20 Led.
621 732 6 20 i
641 732 70 20 Ensk.

110 760 62 20 Besv.
188 760 59 20 utsk.
264 761 42 20 och
322 761 6 20 i
344 761 70 20 Ensk.
431 761 57 26 Exp.
504 761 59 21 utsk.
579 768 40 14 n:o
635 762 19 20 2.

108 804 100 28 Krabbe,
226 805 101 28 Magnus
344 805 80 27 Arvid,

111 844 13 20 f.
146 845 61 23 1816,
225 841 15 25 $
260 845 62 19 1882.
356 844 146 22 Hofrättsråd
520 845 6 21 i
543 846 59 20 Vasa
620 845 92 24 hofrätt,

110 874 79 20 afsked
210 875 62 19 1879.

141 904 55 20 1867
211 905 6 21 i
232 904 158 26 ridderskapet
404 904 43 21 och
462 905 74 20 adeln.
566 904 54 22 Led.
636 905 6 21 i
657 905 56 26 Lag-

111 934 58 20 utsk.
204 934 78 26 Suppl
301 934 6 20 i
326 934 189 26 Kyrkolagsutsk.

107 983 48 17 von
172 978 114 27 Kremer,
303 978 80 22 Alexis
401 978 54 23 Carl
472 978 80 23 Oskar
568 979 106 27 Fredrik,

112 1017 13 20 f.
141 1018 61 20 1871.
231 1017 109 21 Filosofie
353 1018 113 26 magister,
479 1018 83 20 doktor
577 1018 61 21 1905.
660 1018 54 21 Uni-

112 1047 176 21 versitetslektor
302 1048 62 20 1912.

142 1078 55 20 1899
215 1074 35 27 (fr.
266 1078 25 19 21
307 1074 65 28 febr.)
389 1078 7 20 i
410 1077 158 27 ridderskapet
583 1078 42 20 och
640 1078 74 20 adeln.

142 1105 91 26 1904/05
252 1107 6 20 i
277 1106 159 27 ridderskapet
454 1108 43 20 och
516 1108 74 20 adeln.

142 1135 92 27 1905/06
252 1137 6 20 i
277 1137 158 26 ridderskapet
454 1138 43 20 och
517 1138 73 20 adeln.

108 1186 48 17 von
174 1181 113 27 Kramer,
305 1181 54 23 Carl
376 1181 86 23 Gustaf
477 1182 134 25 Mortimer,

113 1220 13 20 f.
151 1221 61 23 1817,
234 1218 14 25 $
271 1222 62 19 1898.
370 1217 110 25 Öfverste.
518 1221 118 21 Guvernör
656 1222 7 20 i
685 1221 29 21 St.

112 1250 93 20 Michels
228 1250 37 20 län
290 1251 62 24 1871,
376 1250 6 21 i
405 1250 91 26 Kuopio
520 1252 62 20 1873.
621 1252 95 20 Senator

114 1280 150 20 1884—1885.

143 1308 91 27 1863/64
251 1310 6 20 i
274 1310 158 26 ridderskapet
449 1311 43 20 och
509 1311 74 21 adeln.
615 1310 101 21 Elektor.

112 1339 53 21 Led.
180 1340 7 20 i
202 1340 52 20 Bev.
269 1340 59 20 utsk.

144 1370 54 20 1867
209 1369 6 20 i
226 1369 158 27 ridderskapet
395 1370 43 20 och
450 1370 73 20 adeln.
543 1370 100 20 Elektor.
663 1370 52 21 Led.

112 1398 6 20 i
136 1399 66 20 Allm.
220 1399 64 21 Besv.
303 1400 59 20 utsk.
380 1400 43 20 och
444 1397 35 27 (fr.
498 1401 27 19 25
544 1397 56 29 apr.)
621 1400 6 20 i
645 1400 71 20 Ensk.

113 1428 63 20 Besv.
190 1429 60 20 utsk.
279 1429 79 26 Suppl.
372 1429 6 21 i
392 1430 74 20 Ekon.
480 1430 60 20 utsk.
558 1427 35 27 (fr.
608 1431 26 19 25
649 1427 67 29 apr.).

144 1459 54 19 1872
221 1458 6 20 i
250 1458 157 26 ridderskapet
430 1460 43 20 och
496 1460 74 20 adeln.
609 1460 78 26 Suppl.
710 1459 7 20 i

112 1488 174 21 Talmanskonf.
321 1489 94 20 Elektor
436 1486 42 27 (till
494 1490 14 20 6
524 1486 69 29 juni).
627 1488 90 22 Ordf.i

113 1517 73 21 Ekon.
203 1518 59 20 utsk.
282 1515 41 27 (till
340 1519 14 19 6
369 1516 69 28 juni).
470 1519 78 25 Suppl.
566 1519 6 20 i
589 1519 68 20 Stats-
674 1519 43 20 och

113 1547 73 20 Ekon.
201 1548 59 20 utsk.
276 1548 42 20 och
333 1548 42 20 led.
391 1548 7 20 i
412 1548 64 20 först.
492 1548 111 21 Satsutsk.

144 1575 92 26 1877/78
257 1577 6 20 i
284 1577 159 27 ridderskapet
462 1578 44 20 och
527 1578 73 20 adeln.
636 1578 54 20 Led.
711 1578 6 20 i

113 1606 108 21 Riddarh.
234 1607 60 20 utsk.
310 1604 41 27 (till
364 1608 12 19 2
388 1607 57 21 febr.
459 1605 77 27 1877);
548 1608 7 20 i
568 1608 63 20 först.
643 1608 74 20 Ekon.

113 1636 59 20 utsk.
189 1637 42 19 och
247 1636 6 20 i
270 1637 63 20 först.
349 1637 121 21 Statsutsk.

145 1666 54 20 1885
218 1666 6 20 i
241 1666 159 26 ridderskapet
417 1667 43 20 och
477 1667 74 20 adeln.

144 1696 56 20 1888
218 1697 6 20 i
241 1695 159 27 ridderskapet
417 1696 43 20 och
478 1696 74 21 adeln.

145 1726 52 19 1891
218 1725 5 20 i
241 1725 158 26 ridderskapet
417 1726 42 20 och
479 1726 73 20 adeln.

742 207 47 17 von
807 202 114 27 Kramer,
939 201 55 23 Carl
1012 201 97 27 Robert,

744 241 15 20 f.
773 242 62 20 1868.
864 241 110 26 Löjtnant
986 240 36 21 vid
1037 241 102 26 Nylands
1151 240 110 26 bataljon.
1288 240 59 26 Kap-

744 271 130 21 tensafsked
892 271 62 21 1904.
985 271 163 20 Jordbrukare.

775 302 55 20 1894
849 302 6 20 i
873 301 157 25 ridderskapet
1049 301 42 20 och
1109 300 74 21 adeln.

775 332 54 19 1897
849 331 6 20 i
873 330 158 26 ridderskapet
1049 331 42 20 och
1109 331 74 20 adeln.

776 361 55 20 1900
849 360 6 20 i
873 360 158 26 ridderskapet
1049 361 43 20 och
1109 360 73 21 adeln.

742 422 48 17 von
808 417 114 25 Kramer,
939 417 111 22 Wilhelm
1066 417 121 26 Theodor,

746 456 13 20 f.
775 457 62 20 1836.
865 456 152 26 Stabskapten
1031 456 36 21 vid
1081 456 75 20 finska
1170 454 177 27 lifgardesbatal-

743 486 69 26 jonen
832 487 61 20 1863.
926 482 104 25 Öfverste
1049 487 62 20 1879.
1144 485 118 21 Guvernör
1279 485 6 20 i
1301 481 47 23 Åbo

745 517 42 19 och
813 514 153 28 Björneborgs
991 516 38 20 län
1054 516 151 20 1891—1903.
1245 514 103 21 General-

746 546 80 26 major.

778 577 54 20 1867
857 576 5 20 i
885 576 158 26 ridderskapet
1065 576 43 20 och
1131 576 66 20 adeln
1223 572 45 28 (för
1288 575 60 20 ätten

745 612 45 14 von
805 603 106 27 Zansen).

777 634 92 27 1877/78
886 636 6 20 i
909 636 158 26 ridderskapet
1083 636 42 20 och
1143 636 66 20 adeln
1229 632 44 27 (för
1289 635 60 19 ätten

746 672 44 14 von
807 663 107 27 Zansen).

777 697 55 19 1882
849 696 7 20 i
871 696 158 26 ridderskapet
1044 696 42 20 och
1103 696 73 20 adeln.

746 726 64 20 darh.
827 726 59 20 utsk.

778 757 55 19 1885
855 756 6 20 i
885 756 159 26 ridderskapet
1066 756 42 20 och
1130 756 66 20 adeln
1223 751 44 28 (för
1290 754 59 20 ätten

747 783 163 27 Adlercreutz).

778 816 55 20 1888
845 816 6 20 i
864 815 159 26 ridderskapet
1034 816 43 20 och
1089 815 65 21 adeln
1169 812 45 27 (för
1226 814 53 20 frih.
1291 814 59 20 ätten

747 843 174 28 Stjerncrantz).

779 876 55 20 1899
851 872 41 27 (till
909 876 26 20 10
948 872 65 28 febr.)
1030 875 7 21 i
1050 875 157 21 ridderskapet
1221 874 43 20 och
1278 874 72 20 adeln.

779 903 91 26 1904/05
888 905 6 20 i
910 905 157 26 ridderskapet
1085 905 42 21 och
1144 905 66 20 adeln
1230 901 45 27 (för
1291 904 59 19 ätten

747 941 44 14 von
810 932 107 27 Zansen).
950 935 53 21 Led.
1022 935 6 20 i
1046 935 108 21 Riddarh.
1172 934 60 21 utsk.

779 963 92 26 1905/06
888 966 6 20 i
909 964 158 26 ridderskapet
1084 965 43 20 och
1144 964 68 21 adeln
1231 960 44 28 (för
1291 964 60 19 ätten

748 1001 44 13 von
809 992 107 27 Zansen).

746 1045 88 27 Krank,
851 1045 86 26 Jakob,

749 1084 14 20 f.
788 1085 63 23 1822,
873 1081 14 26 1
911 1085 63 20 1899.
1012 1084 159 26 Borgmästare
1193 1083 7 21 i
1221 1082 130 27 Jyväskylä.

749 1114 189 26 Häradshöfding
958 1114 3 20 i
980 1114 65 20 Kemi
1065 1114 108 25 domsaga
1194 1114 63 23 1869,
1276 1112 7 20 i
1302 1112 50 21 Salo

749 1144 109 25 domsaga
873 1144 62 20 1870.

781 1172 91 26 1863/64
886 1173 131 26 fullmäktig
1030 1173 36 21 för
1078 1173 124 26 Jyväskylä
1215 1172 56 21 stad.
1300 1171 52 21 Led.

750 1203 6 20 i
771 1203 121 21 Statsutsk.

781 1234 54 20 1867
851 1233 133 26 fullmäktig
999 1233 35 20 för
1050 1234 105 20 städerna
1170 1232 125 26 Jyväskylä
1311 1230 42 22 och

750 1262 104 21 Heinola.
881 1263 73 20 Led.i
967 1263 66 20 Allm.
1046 1263 64 20 Besv.
1123 1262 69 24 utsk.;
1205 1262 7 20 i
1224 1262 57 20 Just.
1295 1261 58 21 utsk.

753 1290 41 26 (till
809 1293 28 20 28
850 1290 55 28 maj)
924 1293 42 20 och
981 1293 6 20 i
1002 1292 70 21 Ensk.
1087 1293 64 20 Besv.
1164 1292 61 20 utsk.
1256 1291 77 26 Suppl
1347 1290 7 20 i

751 1322 68 20 Stats-
835 1323 43 19 och
894 1322 52 21 Bev.
962 1322 59 21 utsk.
1041 1320 35 27 (fr.
1095 1323 24 19 12
1135 1328 61 14 mars
1211 1322 34 20 till
1260 1322 12 19 2
1288 1317 65 30 apr).

749 1366 129 28 Krogerus,
895 1366 86 23 Gustaf
997 1366 78 28 Adoli,

750 1406 15 20 f.
785 1407 62 23 1838,
864 1403 15 25 +
898 1407 62 19 1889.
992 1406 80 25 Kopist
1090 1406 5 20 i
1112 1407 105 19 senatens
1231 1403 123 27 justitiede-

750 1437 135 24 partement.
923 1435 241 26 Prokuratorsadjoint
1188 1435 62 20 1875.
1288 1434 67 20 Sena-

751 1467 34 19 tor
803 1466 62 20 1887.

783 1496 54 19 1867
853 1495 89 20 notarie
957 1495 7 20 i
979 1494 166 26 prästeständet
1163 1491 38 27 (fr.
1217 1495 12 19 9
1245 1490 67 29 apr.).

783 1523 92 27 1877/78
889 1524 178 21 bondeständets
1083 1524 144 20 sekreterare.

750 1568 112 29 Krogius,
879 1569 58 22 Lars
955 1568 62 28 Karl,

752 1608 15 20 f.
789 1608 62 20 1860.
884 1607 184 21 Kommerseräd.

784 1638 55 20 1900
852 1637 132 26 fullmäktig
996 1637 35 20 för
1045 1636 142 26 Helsingfors
1200 1636 57 21 stad.
1279 1635 77 26 Suppl.

752 1667 7 20 i
775 1667 121 21 Statsutsk.

784 1695 92 26 1904/05
905 1696 132 26 fullmäktig
1065 1696 36 20 för
1129 1695 144 25 Helsingfors
1301 1694 56 20 stad.

754 1726 77 26 Suppl.
848 1726 5 20 i
871 1726 120 20 Statsutsk.
1010 1723 36 27 (fr.
1064 1726 24 20 17
1105 1732 59 14 mars
1182 1722 75 27 1905).

1208 695 53 21 Led.
1276 696 7 20 i
1298 694 51 20 Rid-
