1509 1867
674 75 157 23 Personregister.

1358 72 34 18 391

122 147 80 24 (Wärri,
214 147 75 19 Kaarlo
302 146 104 24 [Kaarle],)

156 199 56 21 1888
239 198 133 26 fullmäktig
398 198 37 21 för
462 198 125 26 Loimijoki
614 199 117 25 domsaga.

125 228 53 21 Led.
197 228 7 21 i
221 228 176 21 Talmanskonf.
431 228 100 21 Elektor.
565 228 54 21 Led.
637 228 6 20 i
662 228 69 21 Stats-

124 258 60 20 utsk.
218 258 79 26 Suppl.
315 258 6 20 i
338 257 58 21 Just.
413 258 60 20 utsk.
507 258 79 20 Förste
604 258 74 26 suppl.
695 257 36 21 för

124 287 179 21 bondeståndets
320 288 157 20 bankrevisor.

156 318 54 20 1891
229 317 132 26 fullmäktig
377 317 36 21 för
429 317 83 21 Masku
527 318 117 25 domsaga.
677 318 54 20 Led.

124 347 8 21 i
142 346 176 22 Talmanskonf.
345 347 100 21 Elektor.
472 347 54 21 Led.
537 347 6 21 i
555 347 121 21 Statsutsk.
686 347 45 21 och

124 376 8 22 i
145 376 64 22 först.
222 377 53 20 Bev.
288 376 60 21 utsk.
377 376 79 26 Suppl.
470 376 6 21 i
489 376 58 22 Just.
562 377 60 21 utsk.
649 376 82 26 Tredje

124 406 75 26 suppl.
215 406 35 21 för
265 406 177 21 bondeständets
457 406 158 21 bankrevisor.

156 437 55 20 1894
227 436 133 26 fullmäktig
376 436 36 21 för
427 436 82 26 Tyrvis
525 437 116 25 domsaga.
672 436 59 20 Bon-

124 466 131 21 deståndets
271 466 132 21 talman.
434 466 83 26 Tredje
532 467 75 25 suppl.
624 466 36 21 för
675 466 56 20 bon-

124 496 131 20 deståndets
272 496 157 20 bankrevisor.

156 526 55 20 1897
240 525 132 27 fullmäktig
398 526 37 20 för
462 525 124 27 Loimijoki
614 526 117 26 domsaga.

124 555 182 21 Bondeståndets
327 556 132 20 talman.
495 556 84 26 Tredje
599 556 75 26 suppl.
696 556 36 20 för

124 585 179 21 bondeståndets
320 585 157 21 bankrevisor.

156 616 56 20 1899
240 615 132 26 fullmäktig
399 615 36 21 för
462 615 126 27 Loimijoki
615 616 116 26 domsaga.

125 644 181 22 Bondeståndets
325 646 132 20 talman.

156 675 56 21 1900
240 674 131 27 fullmäktig
399 675 36 21 för
463 675 124 26 Loimijoki
614 676 117 25 domsaga.

125 704 54 21 Led.
190 704 7 20 i
208 704 175 21 Talmanskonf.
410 705 113 21 Viceordf.
535 705 36 21 för
581 705 150 21 elektorerna.

126 734 53 21 Led.
192 734 7 20 i
212 734 121 21 Statsutsk.
347 735 43 20 och
403 734 6 21 i
421 734 64 22 först.
498 735 53 20 Bev.
563 735 60 21 utsk.
652 735 79 26 Suppl.

125 763 7 21 i
147 764 57 26 Exp.
221 764 60 20 utsk.
313 764 82 26 Tredje
410 765 74 25 suppl.
501 764 36 21 för
553 764 178 21 bondeståndets

125 793 157 21 bankrevisor.

156 822 92 27 1904/05
267 824 132 26 fullmäktig
417 824 36 20 för
471 824 125 26 Loimijoki
614 825 117 25 domsaga.

125 853 54 21 Led.
195 853 6 21 i
217 853 122 21 Statsutsk.
355 854 43 20 och
414 854 6 20 i
436 854 64 20 först.
516 854 53 20 Bev.
585 854 60 21 utsk.

156 881 93 27 1905/06
267 883 132 27 fullmäktig
417 883 37 25 för
471 884 125 26 Loimijoki
614 884 117 26 domsaga.

125 912 54 21 Led.
190 912 6 21 i
207 912 121 22 Statsutsk.
343 910 41 28 (till
395 914 14 20 9
418 920 48 20 apr.
477 914 43 20 och
530 914 28 20 fr.
569 914 13 20 3
593 918 50 22 aug.
656 910 74 28 1906).

122 974 82 28 Wästi,
220 974 82 23 Petter

125 1013 16 21 f.
158 1014 62 24 1751,
244 1011 6 25 1
268 1015 63 20 1826.
361 1014 79 21 Bonde
455 1014 28 26 pä
498 1014 87 21 Västilä
600 1015 111 21 hemman
724 1014 8 21 i

126 1043 81 21 Ilmola
224 1043 92 25 socken,
334 1044 187 21 häradsdomare.

157 1073 56 21 1809
236 1074 86 20 ombud
346 1073 35 21 för
404 1074 135 21 Korsholms
562 1075 68 20 södra
651 1074 80 21 härad.

126 1102 181 22 Bondeständets
323 1103 76 21 fiskal.

122 1164 147 28 Wäänänen,
286 1164 152 30 (Wänänen),
455 1165 88 28 Petter,

126 1204 15 20 f.
158 1204 62 24 1764,
234 1201 23 26 4.
287 1204 196 27 Hemmansägare
496 1204 6 21 i
516 1205 135 21 Murtolahti
665 1206 31 26 by
709 1205 24 21 af

125 1233 92 27 Kuopio
244 1234 93 21 socken.
376 1234 255 26 Häradsnämndeman,
662 1236 69 20 sedan

126 1263 187 22 häradsdomare.
353 1264 170 26 Riksdagsman
550 1264 7 21 i
585 1264 148 27 Norrköping

127 1293 63 21 1800.

157 1323 56 21 1809
226 1323 87 21 ombud
327 1323 37 21 för
376 1324 166 20 Lill-Savolaks
556 1324 98 21 öfredels
667 1325 65 20 dom-

126 1357 60 21 saga.
215 1353 73 21 Led.i
302 1353 66 21 Civil-
382 1354 43 20 och
438 1354 74 20 Ekon.
524 1354 60 20 utsk.
598 1354 43 21 och
654 1354 7 20 i
674 1354 57 26 Exp.

127 1382 59 21 utsk.

123 1444 92 28 Ylinen,
232 1444 96 28 Heikki,

126 1488 16 21 f.
157 1490 63 24 1818,
234 1486 15 26 t
265 1490 63 20 1887.
356 1490 79 20 Bonde
448 1490 7 20 i
468 1490 124 20 Kuortane.

158 1519 54 20 1867
228 1519 133 26 fullmäktig
375 1519 36 21 för
425 1519 72 21 Alavo
510 1520 117 26 domsaga.

127 1548 70 20 Ensk.
212 1548 65 21 Besv.
291 1549 60 21 utsk.

657 1520 53 20 Led.
725 1519 8 21 i

123 1610 85 36 Ylinen
224 1612 14 21 1.
254 1610 94 27 Vinkiä,
364 1610 92 27 Simon,

126 1654 16 21 f.
160 1656 63 24 1765,
248 1652 6 26 €
273 1656 62 20 1829.
367 1655 197 26 Hemmansägare
580 1655 8 21 i
603 1655 84 21 Vinkiä
702 1656 30 26 by

126 1684 24 21 af
165 1684 151 26 Längelmäki
331 1684 91 21 socken.
453 1685 192 21 Häradsdomare.

158 1714 56 21 1809
224 1716 158 24 representant
391 1714 37 21 för
439 1710 56 25 Öfre
505 1714 137 21 Sääksmäki
653 1715 79 21 härad.
747 1731 4 3 !

764 188 103 26 Ylönen,
883 189 102 27 Juhana,

767 228 15 21 f.
797 229 62 20 1838.
879 228 79 20 Bonde
969 228 8 20 i
989 228 92 26 Kuopio
1092 227 91 21 socken.
1204 227 168 21 Nämndeman.

798 256 93 28 1877/78
918 257 132 27 fullmäktig
1076 257 37 21 för
1139 257 92 26 Kuopio
1256 258 116 24 domsaga.

767 288 79 26 Suppl.
861 288 7 20 i
882 288 67 20 Allm.
965 288 64 20 Besv.
1044 287 60 21 utsk.
1134 287 54 21 Led.i
1225 286 63 21 först.
1304 286 68 21 Stats-

766 318 60 20 utsk.

764 372 201 29 Yrjö-Koskinen,
982 373 61 22 Eino
1059 372 92 28 Sakari,

767 412 16 20 f.
797 413 62 24 1858,
872 410 15 25 $
902 413 62 20 1916.
992 412 109 21 Filosofie
1113 412 89 24 doktor,
1216 412 80 20 lektor.
1325 410 47 22 Fri-

767 442 66 21 herre
849 443 63 20 1897.

799 473 54 20 1897
876 472 8 20 i
906 472 158 26 ridderskapet
1087 472 43 20 och
1153 471 68 21 adeln
1245 468 46 27 (för
1312 471 61 20 ätten

767 502 50 20 Toll
832 508 40 14 n:o
889 499 60 27 150).

764 551 203 28 Yrjö-Koskinen,
985 552 70 22 Lauri
1071 552 92 27 Almos,

767 591 15 21 f.
812 592 63 20 1867.
900 587 12 35 |
917 591 214 21 Vicelandtmätare.
1174 591 107 21 Friherre
1310 591 62 21 1897.

768 620 135 27 Godsägare.

799 652 55 20 1894
876 650 8 21 i
906 650 158 27 ridderskapet
1085 651 43 21 och
1151 651 68 21 adeln
1245 648 45 27 (för
1312 651 61 20 ätten

767 680 147 25 Oker-Blom,
930 680 27 21 fr.
973 682 13 20 6
1001 678 68 29 apr.).

799 711 54 21 1897
877 710 8 21 i
906 710 159 27 ridderskapet
1087 711 43 21 och
1153 711 67 20 adeln
1245 707 46 28 (för
1312 711 61 19 ätten

767 738 159 27 Oker-Blom).

799 768 92 28 1904/05
907 770 7 20 i
930 770 159 26 ridderskapet
1104 771 43 20 och
1163 770 67 21 adeln
1251 767 45 27 (för
1312 770 61 20 ätten

767 806 46 14 von
824 797 107 28 Boehm).

764 843 204 29 Yrjö-Koskinen,
984 844 57 28 Yrjö
1059 845 131 27 Koskinen,

767 884 15 20 f.
806 884 63 24 1854,
891 881 16 26 T
929 884 62 21 1917.
1021 884 108 20 Filosofie
1150 884 119 24 kandidat,
1291 884 83 21 doktor

769 914 62 20 1894.
861 913 243 27 Folkskoleinspektor
1121 914 62 21 1892.
1215 913 107 21 Direktor
1337 913 36 21 för

767 943 126 26 Jyväskylä
907 943 156 21 seminarium.
1085 943 107 21 Friherre
1208 944 62 20 1897.
1294 940 79 24 Öfver-

767 973 102 21 direktör
885 973 36 21 för
937 973 227 27 skolöfverstyrelsen
1183 974 63 20 1902.
1279 974 95 20 Senator

769 1003 152 21 1908—1909.

799 1033 56 21 1885
876 1032 8 21 i
905 1032 158 27 ridderskapet
1086 1033 43 21 och
1152 1034 66 20 adeln
1245 1030 45 27 (för
1312 1034 61 19 ätten

767 1060 196 28 Wadenstjerna).
983 1062 144 22 Sekreterare
1138 1062 7 22 i
1156 1063 67 21 Allm.
1236 1063 65 21 Besv.
1313 1062 59 22 utsk.

799 1092 56 21 1894
867 1092 7 21 i
887 1092 159 26 ridderskapet
1058 1093 43 20 och
1114 1093 68 21 adeln
1199 1090 41 27 (till
1255 1093 29 20 20
1297 1090 75 27 febr.).

799 1122 55 21 1897
872 1122 8 20 i
896 1122 159 26 ridderskapet
1072 1123 43 20 och
1132 1123 75 21 adeln.

799 1152 56 20 1899
872 1152 7 20 i
896 1152 159 26 ridderskapet
1071 1153 44 20 och
1132 1152 74 21 adeln.

799 1182 56 20 1900
868 1181 7 21 i
887 1182 158 26 ridderskapet
1057 1182 44 21 och
1113 1182 68 21 adeln
1197 1179 44 27 (för
1253 1183 64 20 ätten
1328 1188 46 14 von

768 1208 104 28 Becker).

799 1239 92 27 1904/05
911 1241 7 21 i
936 1241 158 27 ridderskapet
1113 1242 43 20 och
1175 1242 74 20 adeln.

765 1290 200 29 Yrjö-Koskinen,
986 1291 44 29 (till
1049 1293 25 21 är
1091 1294 57 21 1884
1163 1292 138 27 Forsman),
1317 1291 57 29 Yrjö

825 1320 92 28 Sakari,

767 1360 16 20 f.
801 1360 63 25 1830,
881 1358 15 25 $
915 1361 62 20 1903.
1009 1360 119 22 Professor
1143 1362 7 21 i
1166 1361 88 21 allmän
1270 1361 103 21 historia.

767 1390 97 21 Senator
886 1391 151 20 1882—1899.
1073 1390 74 22 Adlad
1167 1391 64 21 1884.
1267 1390 107 21 Friherre

769 1420 63 20 1897.

799 1450 55 20 1867
872 1450 71 20 andre
960 1450 75 26 suppi.
1052 1450 36 20 för
1105 1450 179 21 bondeständets
1301 1449 72 21 bank-

767 1479 139 26 fullmäktig.

799 1510 56 20 1872
869 1509 52 21 vald
936 1509 25 21 af
973 1508 74 27 Borgå
1061 1509 60 21 stifts
1135 1510 132 20 skollärare.
1298 1510 53 20 Led.
1367 1508 6 21 i

768 1538 131 25 Statsutsk.;
915 1538 7 21 i
937 1538 71 21 Ensk.
1023 1539 64 21 Besv.
1102 1539 60 21 utsk.
1179 1540 44 20 och
1239 1539 58 21 Just.
1312 1538 61 21 utsk.

768 1568 79 26 Suppl.
863 1568 7 20 i
887 1568 70 21 Stats-
973 1569 43 20 och
1033 1569 74 20 Ekon.
1123 1568 60 22 utsk.
1215 1569 55 21 Led.
1286 1568 7 21 i
1309 1568 64 21 först.

768 1598 53 20 Bev.
843 1598 60 20 utsk.
940 1598 79 21 Förste
1040 1599 74 25 suppl.
1137 1598 35 21 för
1194 1598 179 21 bondeståndets

767 1627 204 27 bankfullmäktig.

799 1656 93 26 1877/78
903 1658 52 20 vald
966 1658 24 20 af
1000 1658 73 26 Borgå
1084 1658 59 20 stifts
1154 1658 133 20 skollärare.
1306 1657 67 21 Elek-

768 1688 42 19 tor.
838 1686 53 22 Led.
904 1687 7 20 i
923 1687 130 24 Statsutsk.;
1066 1687 6 21 i
1084 1688 106 25 Värnepl.
1203 1687 70 24 utsk.;
1284 1687 9 20 i
1304 1687 69 21 Stats-

768 1716 43 20 och
827 1716 74 21 Ekon.
917 1717 70 24 utsk.;
1003 1717 7 20 i
1027 1717 64 21 först.
1108 1717 73 21 Ekon.
1198 1716 70 24 utsk.;
1285 1716 7 21 i
1309 1716 64 21 först.
