1492 1867
728 86 153 24 Personregister.

175 204 132 28 Edelheim,
325 206 73 22 Frans
415 206 102 26 Edvard,

179 243 13 20 f.
207 244 64 23 1848,
283 241 14 25 1
313 245 60 20 1909.
402 244 168 27 Civilingeniör.
598 243 71 28 Ägare
682 246 23 19 af
718 245 63 20 Kois-

178 273 50 20 kala
244 273 9 20 i
269 274 98 20 Nastola.

208 303 57 20 1882
283 301 15 26 (i
312 302 89 27 början)
420 305 5 20 i
440 305 158 26 ridderskapet
613 305 42 20 och
671 305 72 20 adeln.

208 333 56 20 1885
282 333 6 20 i
305 333 158 27 ridderskapet
480 335 43 20 och
540 335 73 20 adeln.

208 363 56 20 1897
276 363 7 20 i
293 363 157 27 ridderskapet
463 365 41 20 och
517 365 72 20 adeln.

176 392 59 20 utsk.

208 422 57 20 1899
281 422 6 20 i
305 423 157 26 ridderskapet
479 425 43 19 och
541 424 72 20 adeln.

208 452 57 19 1900
276 452 5 19 i
293 452 156 27 ridderskapet
463 454 41 19 och
517 454 72 20 adeln.
617 454 52 20 Led.
684 454 4 19 i
701 453 77 20 Järnv.

176 481 59 20 utsk.
514 487 3 3 i

618 365 52 20 Led.
683 365 5 18 i
701 365 77 19 Järnv.

208 509 91 27 1904/05
321 512 5 19 i
348 512 157 27 ridderskapet
526 513 43 20 och
590 513 73 20 adeln.
701 513 52 20 Led.
774 512 6 20 i

176 540 79 21 Järnv.
270 541 57 20 utsk.

208 569 92 26 1905/06
321 571 3 20 i
346 571 157 27 ridderskapet
525 573 42 20 och
589 573 72 20 adeln.
699 573 51 19 Led.
773 572 4 19 i

175 599 79 20 Järnv.
271 601 58 20 utsk.

149 681 1 3 |
173 667 132 28 Edelheim,
323 669 73 22 Frans
413 670 60 27 Ivar,

176 712 14 20 f.
209 713 64 24 1804,
290 711 13 25 T
323 714 62 20 1884.
418 715 95 20 Senator
531 715 4 20 i
553 711 224 33 ekonomiedeparte-

176 744 85 18 mentet
279 744 149 20 1858—1867.

206 770 92 27 1863/64
318 773 5 19 i
343 773 156 27 ridderskapet
519 775 42 19 och
581 775 72 19 advin.

206 802 55 20 1867
280 802 6 20 i
303 802 158 27 ridderskapet
478 804 43 20 och
539 804 72 20 adeln.

206 830 92 26 1877/78
318 832 4 20 i
343 832 156 27 ridderskapet
518 834 42 20 och
580 834 73 20 adeln.

205 861 56 20 1882
280 862 5 19 i
303 862 158 26 ridderskapet
477 864 43 19 och
539 864 72 20 adeln.

147 955 1 3 |
170 928 133 28 Edelheim,
321 929 57 22 Paul
395 931 110 21 Wilhelm
523 932 82 26 Jonas,

173 973 14 19 f.
203 974 64 24 1846,
280 972 14 24 i
310 975 61 20 1875.
401 976 242 26 Vicehäradshöfding.

204 1004 56 19 1872
283 1004 6 20 i
311 1004 158 27 ridderskapet
491 1006 42 20 och
557 1006 72 20 adeln.

173 1032 108 26 Lagutsk.
300 1031 35 26 (fr.
354 1036 8 18 1
380 1033 80 26 mars).

669 1006 77 26 Suppl.
771 1005 7 21 i

170 1100 139 28 Edelsköld,
326 1102 55 23 Karl
397 1103 87 27 Johan,

173 1145 13 20 f.
201 1146 63 23 1831,
282 1144 7 24 €
303 1148 62 19 1879.
393 1148 99 21 Kanslist
505 1149 5 19 i
523 1145 48 24 Åbo
583 1149 92 24 hofrätt,
688 1149 89 20 notarie

174 1175 61 24 1866,
253 1175 80 22 afsked
350 1178 62 19 1868.

202 1204 93 26 1863/64
306 1205 5 20 i
321 1205 157 28 ridderskapet
489 1208 43 20 och
543 1208 73 20 adeln.
643 1208 78 26 Suppl.
732 1209 43 19 och

174 1231 35 25 (fr.
226 1235 29 19 30
270 1235 45 20 okt.
332 1234 63 26 1863)
415 1237 42 20 led.
476 1237 1 20 i
494 1237 107 26 Lagutsk.
632 1237 53 21 Led.
701 1239 8 20 i
723 1238 52 20 Rid-

170 1264 64 19 darh.
252 1265 59 20 utsk.

202 1294 56 19 1872
274 1294 5 20 i
294 1294 158 27 ridderskapet
466 1297 42 19 och
523 1297 73 20 adeln.
627 1297 94 20 Elektor
739 1295 35 26 (fr.

170 1323 26 19 31
213 1321 67 28 maj).
313 1324 52 21 Led.
384 1325 5 20 i
408 1325 106 26 Lagutsk.
536 1324 35 26 (fr.
589 1327 13 20 8
618 1324 71 28 juni);
707 1327 43 20 och
768 1327 8 19 i

170 1352 66 21 Allm.
251 1353 63 20 Besv.
327 1355 60 19 utsk.
416 1355 77 26 Suppl
506 1355 6 20 i
525 1356 149 25 Sjölagsutsk.
695 1356 79 26 Suppl.

170 1382 43 32 och
228 1379 36 26 (fr.
279 1384 8 19 1
300 1381 58 28 juni)
375 1385 41 20 led.
437 1385 1 20 i
448 1385 200 21 Kommunalutsk.
676 1386 53 20 Led.
741 1388 34 18 tre

169 1414 85 23 gänger
258 1408 12 36 i
286 1413 63 20 först.
363 1414 120 21 Statsutsk.
496 1416 42 19 och
553 1415 4 20 i
571 1415 63 20 först.
648 1415 52 20 Bev.
713 1415 60 20 utsk.

166 1478 121 29 Ehnberg,
304 1481 99 22 Fredrik
421 1482 125 28 Reinhold,

169 1523 14 20 f.
200 1525 64 24 1802,
279 1523 14 24 $
309 1527 62 20 1882.
401 1527 228 25 Svarfvaremästare,
643 1525 129 33 politieräd-

168 1559 53 14 man
239 1554 7 19 i
265 1555 89 26 Kuopio
373 1557 61 20 1837.

200 1584 55 19 1867
271 1584 131 27 fullmäktig
416 1586 36 21 för
467 1587 90 26 Kuopio
572 1588 56 19 stad.

165 1650 163 28 Ehrenmalm,
346 1654 99 22 Fredrik
463 1655 87 29 Georg,

167 1696 14 20 f.
199 1697 63 24 1767,
277 1695 14 25 1
307 1699 62 20 1823.
400 1700 148 26 Kyrkoherde
562 1702 5 20 i
582 1702 86 20 Tenala
683 1702 61 20 1802.

199 1727 56 20 1809
271 1727 6 20 i
293 1728 157 28 ridderskapet
466 1732 41 19 och
523 1732 73 20 adeln.

815 206 166 28 Ehrenstolpe,
999 206 81 22 Alfred
1097 207 90 22 Henrik
1203 207 134 26 Balthasar,

817 246 14 20 f.
853 246 62 24 1837,
935 243 13 25 1
970 247 61 19 1896.
1066 245 257 26 Telegrafstationschef
1341 245 5 20 i
1367 245 50 19 Hel-

817 275 105 26 singfors,
936 275 81 21 afsked
1032 276 62 20 1885.
1125 275 108 21 Statsräd.

848 306 54 19 1885
917 305 7 20 i
939 305 158 25 ridderskapet
1112 306 42 19 och
1171 305 73 20 adeln.

814 367 145 25 Ehrnrooth,
975 367 73 22 Adolf
1064 367 119 24 Reinhold
1200 367 92 26 Viktor,

816 407 14 20 f.
846 407 62 24 1832,
929 404 7 25 T
952 407 61 20 1896.
1042 406 242 26 Gardesstabskapten.
1314 402 103 23 Öfverste

816 437 36 20 vid
872 436 171 26 generalstaben
1067 437 61 20 1870.
1164 435 227 26 Krigskommissarie
1411 435 6 19 i

816 467 100 25 Nylands
936 467 38 19 län
992 467 62 19 1880.
1088 465 178 26 Generalmajor.

847 494 90 27 1863/64
957 496 6 19 i
983 495 157 26 ridderskapet
1160 496 42 20 och
1222 495 73 21 adeln.

846 526 54 20 1867
919 526 5 19 i
942 525 157 26 ridderskapet
1118 526 42 19 och
1178 525 73 20 adeln.

846 556 54 19 1872
919 555 7 20 i
944 555 157 26 ridderskapet
1119 555 42 20 och
1180 555 73 20 adeln.

846 583 91 27 1877/78
954 585 6 20 i
976 585 157 26 ridderskapet
1150 585 43 20 och
1210 585 73 20 adeln.
1316 584 77 26 Suppl.
1411 583 5 20 i

815 615 108 20 Riddarh.
939 615 59 20 utsk.

846 645 54 20 1882
916 645 6 19 i
938 644 157 26 ridderskapet
1111 645 42 19 och
1170 644 72 20 adeln.
1275 644 52 20 Led.
1344 643 5 20 i
1365 643 51 21 Rid-

814 675 64 19 darh.
895 674 59 20 utsk.

846 704 54 20 1885
916 704 6 20 i
937 703 157 26 ridderskapet
1111 704 41 19 och
1169 703 73 20 adeln.
1274 703 53 20 Led.
1344 703 4 19 i
1365 702 50 21 Rid-

814 734 63 20 darh.
895 733 58 20 utsk.

845 764 55 19 1888
915 763 7 20 i
937 762 157 26 ridderskapet
1110 763 42 19 och
1169 762 73 20 adeln.
1274 762 53 20 Led.
1343 762 6 20 i
1365 762 50 20 Rid-

814 793 64 20 darh.
894 792 59 20 utsk.

845 823 53 19 1891
917 822 6 20 i
940 822 158 26 ridderskapet
1116 822 43 20 och
1177 822 73 20 adeln.

845 852 54 20 1894
914 852 5 20 i
933 852 157 25 ridderskapet
1104 852 43 20 och
1161 851 68 20 adeln
1244 848 44 26 (för
1301 852 60 19 ätten
1374 851 41 19 La-

813 879 137 28 germarck).

811 944 145 26 Ehrnrooth,
973 943 135 22 Alexander
1124 943 110 26 Kasimir,

813 989 14 19 f.
844 990 61 18 1869.
936 988 128 26 Godsägare
1079 988 28 26 pä
1120 988 160 25 Gammelgård
1295 988 5 20 i
1315 987 98 26 Lampis.

843 1018 55 20 1900
920 1018 7 20 i
950 1018 157 26 ridderskapet
1130 1018 42 20 och
1195 1018 65 20 adeln
1288 1015 43 26 (för
1354 1018 59 19 ätten

813 1054 38 14 n:o
871 1048 41 20 226
932 1044 116 27 Etholen).

842 1075 92 27 1904/05
950 1077 6 20 i
972 1076 158 27 ridderskapet
1146 1078 44 19 och
1206 1077 66 20 adeln
1293 1074 44 26 (för
1353 1077 60 19 ätten

812 1114 39 13 n:o
870 1108 42 19 226
931 1104 116 26 Etholén).

843 1134 91 27 1905/06
951 1136 5 20 i
973 1136 157 26 ridderskapet
1147 1136 42 20 och
1208 1136 67 20 adeln
1293 1133 44 27 (för
1353 1136 60 20 ätten

812 1172 38 13 n:o
870 1166 42 19 226
930 1165 117 24 Elholen).

808 1227 146 26 Ehrnrooth,
971 1227 136 22 Alexander
1123 1227 134 27 Sebastian,

810 1273 15 19 f.
848 1273 61 23 1852,
930 1269 14 25 T
967 1272 61 20 1902.
1064 1272 87 26 Kapten
1172 1272 37 20 vid
1229 1271 76 21 finska
1325 1273 88 24 gardes-

810 1301 138 26 bataljonen.
983 1298 104 23 Öfverste
1105 1302 42 19 och
1166 1301 53 20 chef
1236 1301 35 20 för
1290 1301 123 26 Uleåborgs

809 1331 110 26 bataljon.

841 1361 55 20 1894
913 1361 6 20 i
937 1361 157 26 ridderskapet
1113 1361 43 20 och
1174 1361 73 20 adeln.

842 1391 53 20 1897
914 1391 6 20 i
937 1390 157 26 ridderskapet
1113 1391 43 19 och
1174 1390 73 20 adeln.

806 1452 147 27 Ehrnrooth,
970 1452 58 23 Axel
1046 1452 128 27 Reinhold,

808 1497 16 20 f.
843 1497 62 20 1867.
939 1497 107 20 Direktör
1062 1498 6 20 i
1086 1497 177 20 Privatbanken.

840 1527 55 20 1894
908 1527 7 20 i
928 1527 158 26 ridderskapet
1099 1527 42 20 och
1154 1527 67 20 adeln
1238 1523 43 27 (för
1295 1527 43 20 adl.
1351 1527 60 20 ätten

809 1554 133 26 Nassokin).

840 1587 54 19 1897
908 1586 6 20 i
928 1585 158 26 ridderskapet
1099 1586 43 20 och
1155 1586 67 20 adeln
1238 1583 45 26 (för
1295 1586 44 20 adl.
1351 1587 61 19 ätten

809 1613 133 26 Nassokin).

839 1645 56 20 1899
907 1644 7 20 i
926 1644 159 26 ridderskapet
1096 1645 44 19 och
1154 1645 66 19 adeln
1237 1641 44 27 (för
1294 1645 43 20 adl.
1351 1646 62 19 ätten

809 1671 132 27 Nassokin).

838 1703 56 21 1900
916 1703 8 20 i
945 1703 158 26 ridderskapet
1126 1704 43 20 och
1192 1704 68 20 adeln
1284 1700 45 28 (för
1351 1704 79 20 ätten
1416 1696 17 37 |

807 1739 40 13 n:o
861 1733 27 20 85
903 1730 151 27 Ehrnrooth).
1085 1733 52 20 Led.
1152 1733 5 20 i
1172 1733 109 20 Riddarh.
1296 1733 59 21 utsk.
