1492 1867
636 79 156 23 Personregister.

1317 77 34 20 289

87 150 116 24 (Johnsson,
216 150 64 19 Johan
294 151 85 23 Viktor,)

123 203 55 19 1882
189 203 51 19 vald
252 202 24 20 af
286 202 74 26 Borgå
371 202 59 20 stifts
442 203 154 25 prästerskap.
616 203 78 26 Suppl.

91 232 5 20 i
112 232 173 20 Talmanskonf.
316 232 99 20 Elektor.
446 232 64 21 Ordf.
526 233 6 20 i
548 233 66 20 Allm.
631 233 61 20 Besv.

91 262 59 20 utsk.
164 263 63 19 2:dra
240 262 45 20 afd.
299 263 42 19 och
354 262 6 20 i
373 262 70 20 Ensk.
457 263 63 20 Besv.
535 263 58 20 utsk.
622 262 72 21 Led.i

91 292 120 20 Statsutsk.
228 293 42 19 och
289 292 5 20 i
312 292 177 26 prästeständets
507 292 186 20 kanslikommis-

91 321 56 21 sion.
181 322 77 26 Suppl.
276 322 6 20 i
301 322 62 20 först.
382 322 52 20 Bev.
453 323 59 20 utsk.

88 378 112 26 Jokinen,
216 378 64 22 Juho
297 378 93 27 Heikki,

93 417 14 20 f.
124 418 62 20 1870.
217 417 126 26 Disponent
359 418 5 19 i
379 414 55 23 Äbo.

124 446 91 26 1905/06
234 447 130 26 fullmäktig
382 447 35 20 för
435 448 49 20 Abo
502 448 56 19 stad.

88 504 140 27 Jormakka,
245 504 71 27 Juho,

92 543 14 20 f.
123 544 61 19 1862.
214 543 155 20 Jordbrukare
384 543 5 20 i
404 543 117 20 Sortavala
536 543 91 20 socken.

92 574 153 20 radsdomare.

123 601 91 27 1905/06
243 603 130 24 fullmäktig

92 633 78 26 Suppl.
187 633 6 20 i
210 633 72 20 Ekon.
299 633 59 20 utsk.

88 677 161 27 Joutsiniemi,
266 677 78 27 Simo,

92 717 14 20 f.
124 717 62 24 1818,
202 714 14 25 1
234 717 61 20 1902.
327 717 78 20 Bonde
421 717 5 19 i
442 716 135 26 Kangasala.

123 747 53 20 1867
204 746 129 26 fullmäktig
361 747 35 19 för
424 746 126 21 Satakunta
578 747 116 23 domsaga.

92 776 52 20 Led.
161 776 6 20 i
184 776 186 26 Kyrkolagsutsk.
387 777 43 19 och
446 776 5 20 i
469 776 69 20 Ensk.
555 776 63 19 Besv.
635 774 59 21 utsk.

652 542 42 19 Hä-

402 603 35 19 för
468 602 81 21 Salmis
578 603 116 24 domsaga.

66 841 2 2 ;
88 820 72 27 Julin,
176 821 72 27 John,

93 860 13 19 f.
123 861 61 23 1827,
198 858 14 25 +
226 861 62 20 1898.
317 861 137 21 Handlande
466 862 6 20 i
486 859 55 28 Åbo,
555 863 139 20 vicekonsul.

123 891 54 19 1872
192 891 130 25 fullmäktig
336 891 34 20 för
384 887 48 25 Åbo
446 893 56 19 stad.
532 893 53 20 Led.
600 893 6 20 i
621 893 73 20 Ekon.

92 919 58 20 utsk.
170 921 43 19 och
231 920 5 20 i
256 920 68 21 Stats-
343 921 42 20 och
405 921 73 21 Ekon.
497 923 60 20 utsk.
591 923 78 26 Suppl
689 923 5 20 i

92 949 148 26 Sjölagsutsk.
273 950 52 21 Led.
344 951 6 20 i
368 951 63 20 först.
451 952 51 20 Bev.
520 953 60 20 utsk.
599 953 42 20 och
658 953 37 20 två

91 979 83 26 gånger
195 980 6 19 i
224 980 62 20 först.
309 981 120 20 Statsutsk.
466 982 76 21 Andre
563 983 74 25 suppl.
660 983 35 20 för

91 1009 183 25 borgarständets
289 1010 155 21 bankrevisor.

123 1037 91 27 1877/78
232 1039 131 27 fullmäktig
381 1041 36 20 för
436 1037 48 24 Äbo
504 1043 56 19 stad.
595 1043 99 20 Elektor.

92 1069 52 20 Led.
160 1069 6 20 i
180 1069 72 20 Ekon.
267 1070 59 20 utsk.
341 1071 43 20 och
399 1071 5 20 i
419 1071 56 26 Lag-
490 1072 43 20 och
547 1072 73 20 Ekon.
635 1073 59 20 utsk.

92 1098 78 26 Suppl.
184 1099 6 20 i
205 1099 104 26 Värnepi.
323 1101 59 20 utsk.
400 1098 36 26 (fr.
452 1102 8 19 1
476 1101 46 21 okt.
539 1099 74 27 1877).
642 1102 52 20 Led.

91 1129 33 19 tre
141 1128 83 27 gånger
242 1129 6 20 i
266 1129 63 21 först.
348 1131 121 20 Statsutsk.
504 1131 78 26 Suppl.
602 1132 5 19 i
626 1132 69 20 Stats-

67 1182 1 3 '
92 1159 42 19 och
150 1158 72 21 Ekon.
236 1160 59 20 utsk.

90 1214 47 17 von
154 1209 71 28 Julin,
242 1210 82 23 Albert
341 1211 91 28 Ludvig
448 1211 111 29 Lindsay,

92 1249 14 20 f.
126 1249 62 20 1871.
220 1249 178 26 Bergsingeniör.

124 1277 92 27 1905/06
238 1279 6 20 i
266 1279 158 27 ridderskapet
447 1281 42 20 och
512 1281 65 20 adeln
604 1278 41 27 (till
670 1282 26 19 14

93 1308 55 20 febr.
167 1309 42 20 och
227 1309 26 20 fr.
272 1311 27 18 22
317 1310 45 26 maj
382 1308 74 26 1906).

89 1358 48 17 von
154 1353 71 27 Julin,
242 1353 60 22 Emil
320 1354 110 29 Lindsay,

94 1393 13 20 f.
126 1393 62 24 1835,
205 1390 14 26 1
238 1394 61 20 1898.
331 1393 158 27 Brukspatron
506 1394 30 26 pä
551 1394 99 20 Fiskars.

124 1421 91 26 1863/64
234 1423 6 20 i
259 1423 157 26 ridderskapet
436 1424 43 20 och
499 1424 73 20 adeln.

124 1453 53 19 1867
197 1452 5 20 i
219 1453 157 26 ridderskapet
394 1454 42 20 och
455 1454 74 20 adeln.

124 1482 54 20 1872
196 1482 5 20 i
220 1482 156 26 ridderskapet
394 1484 43 19 och
456 1484 73 20 adeln.

123 1510 92 27 187778
233 1512 5 20 i
256 1512 158 26 ridderskapet
432 1514 42 19 och
493 1514 67 19 adeln
581 1513 43 24 (för
644 1513 52 20 frih.

92 1542 60 19 ätten
169 1539 163 29 Stackelberg).

124 1571 54 20 1882
197 1580 5 12 i
221 1571 156 27 ridderskapet
395 1573 43 19 och
456 1573 73 20 adeln.

124 1601 54 19 1885
197 1601 4 19 i
220 1601 156 26 ridderskapet
395 1602 43 20 och
456 1602 74 20 adeln.

124 1631 54 20 1888
196 1631 5 19 i
219 1631 157 26 ridderskapet
394 1632 44 20 och
456 1632 73 20 adeln.

124 1660 52 20 1891
196 1660 5 20 i
220 1660 157 26 ridderskapet
394 1662 44 19 och
456 1662 74 19 adeln.

123 1690 55 20 1894
197 1690 4 19 i
221 1690 156 26 ridderskapet
395 1691 43 20 och
456 1691 73 20 adeln.

124 1720 53 19 1897
197 1720 5 19 i
220 1720 157 26 ridderskapet
394 1721 43 19 och
456 1720 73 20 adeln.

727 204 48 17 von
791 200 72 26 Julin,
881 200 82 28 Georg
979 200 60 22 Emil
1057 200 111 29 Lindsay,

730 238 14 21 f.
763 240 62 23 1868,
841 236 14 26 $
874 240 62 19 1904.
968 239 219 26 Stabsryttmästare.

761 270 55 19 1899
833 269 6 20 i
857 268 159 27 ridderskapet
1033 270 42 19 och
1094 270 73 19 adeln.

761 299 54 20 1900
833 299 5 19 i
857 298 157 26 ridderskapet
1033 300 42 19 och
1093 300 73 19 adeln.

727 348 48 17 von
791 343 72 27 Julin,
880 344 63 22 John
960 343 83 22 Albert
1059 344 102 26 Edvard,

730 382 15 20 f.
769 383 62 24 1846,
853 380 14 25 $
892 383 62 20 1906.
992 383 157 25 Brukspatron
1172 382 30 26 pä
1223 381 82 21 Koskis
1327 380 5 20 i

730 412 91 26 Bjärnä.
853 412 118 26 Bergsräd.

762 443 54 19 1872
830 442 7 20 i
849 442 158 26 ridderskapet
1019 443 42 20 och
1076 443 65 20 adeln
1159 440 44 26 (för
1216 442 43 20 adl.
1273 442 60 20 ätten

730 470 169 28 Bergenheim).

761 501 92 27 1877/78
870 503 6 19 i
893 503 157 26 ridderskapet
1067 503 43 20 och
1127 503 72 20 adeln.

730 532 73 20 Ekon.
819 532 60 21 utsk.

762 563 54 20 1885
829 564 6 20 i
847 562 157 27 ridderskapet
1016 563 42 20 och
1071 563 65 20 adeln
1153 560 43 27 (för
1209 562 52 20 frih.
1273 562 60 19 ätten

731 589 167 28 Bergenheim).

762 623 55 20 1888
839 622 7 20 i
869 622 158 26 ridderskapet
1048 623 43 20 och
1114 623 66 20 adeln
1207 619 44 27 (för
1273 622 60 19 ätten

730 650 153 27 Bruncrona).

763 683 52 19 1891
830 682 6 20 i
850 682 156 26 ridderskapet
1021 683 42 20 och
1075 683 66 20 adeln
1158 680 44 26 (för
1215 682 44 20 adl.
1273 682 60 19 ätten

731 709 168 28 Bergenheim).

763 743 54 19 1894
830 742 6 19 i
850 741 157 27 ridderskapet
1021 743 42 19 och
1076 743 66 20 adeln
1159 739 44 27 (för
1216 742 43 19 adl.
1273 741 60 20 ätten

731 769 167 28 Bergenheim).
933 772 52 20 Led.
1004 772 6 20 i
1028 772 126 21 Bankutsk.

763 802 53 19 1897
840 801 5 20 i
869 801 157 27 ridderskapet
1049 802 43 20 och
1116 802 65 20 adeln
1207 799 44 26 (för
1274 801 59 20 ätten

732 829 152 26 Bruncrona).
915 831 52 21 Led.
984 832 5 19 i
1006 832 73 20 Ekon.
1096 832 58 20 utsk.
1175 829 35 26 (fr.
1227 832 12 19 2
1255 827 78 27 mars).

763 862 55 19 1899
829 861 6 20 i
847 861 157 26 ridderskapet
1017 862 42 19 och
1072 862 66 20 adeln
1153 859 45 26 (för
1209 861 52 20 frih.
1274 861 60 20 ätten

731 888 138 27 Indrenius).

763 921 54 20 1900
829 921 6 20 i
848 921 157 26 ridderskapet
1017 922 42 19 och
1071 922 65 19 adeln
1152 919 44 26 (för
1208 921 53 20 frih.
1274 921 60 20 ätten

731 948 138 27 Indrenius).

763 980 90 26 1904/05
873 981 5 20 i
898 981 158 26 ridderskapet
1076 982 42 19 och
1139 981 65 20 adeln
1228 977 44 27 (för
1291 979 42 21 adl.

730 1011 62 20 älten
808 1009 168 27 Bergenheim).

762 1039 92 27 1905/06
873 1041 5 20 i
898 1041 157 26 ridderskapet
1076 1041 42 20 och
1139 1041 65 20 adeln
1227 1037 44 27 (för
1291 1039 42 20 adl.

730 1071 61 19 ätten
808 1071 149 25 Bergenheim
974 1071 32 20 till
1023 1072 26 19 22
1066 1071 45 26 maj
1129 1067 74 28 1906).
1350 1067 2 4 |

728 1126 48 17 von
792 1121 73 27 Julin,
882 1121 51 22 Nils
949 1121 72 22 Adolf
1037 1121 110 28 Lindsay,

731 1160 14 20 f.
765 1161 61 20 1876.
858 1160 119 21 Farmacie
994 1160 116 21 kandidat.
1142 1160 135 26 Apotekare.

763 1189 91 26 1904/05
874 1190 5 20 i
898 1190 158 25 ridderskapet
1076 1191 42 19 och
1138 1190 73 20 adeln.

763 1218 91 27 1905/06
866 1220 7 19 i
885 1220 157 25 ridderskapet
1054 1221 42 18 och
1109 1220 65 20 adeln
1191 1217 36 26 (fr.
1241 1219 25 20 14
1278 1218 56 20 febr.

731 1249 33 20 till
779 1251 26 18 22
820 1249 45 26 maj
883 1247 72 26 1906).

728 1299 49 17 von
793 1294 72 27 Julin,
883 1294 55 24 Rolf
953 1294 86 27 Jakob,

731 1333 15 20 f.
765 1334 61 20 1881.
859 1333 109 20 Filosofie
985 1333 117 20 kandidat.

732 1363 84 20 Sällvik
842 1363 6 20 i
873 1363 64 26 Pojo.
978 1363 173 20 Verkställande
1174 1363 101 20 direktör

731 1393 83 20 aktieb.
831 1393 99 20 Kaukas.
1307 1420 3 4 N

763 1421 92 27 1905/06
872 1423 6 19 i
897 1423 158 25 ridderskapet
1073 1423 43 20 och
1133 1422 65 21 adeln
1221 1419 43 27 (för
1283 1421 52 20 frih.

731 1453 60 19 älten
807 1452 150 26 Bergenheim
971 1452 26 20 fr.
1013 1454 27 19 28
1054 1458 50 20 aug.
1122 1449 73 27 1906).

1233 502 77 26 Suppl.
1328 500 5 20 i

1135 1332 157 21 Possessionat
1308 1331 27 26 pä

1301 1361 35 20 för

728 1503 134 27 Junnelius,
880 1503 90 24 Robert
986 1503 143 26 Alexander,

732 1542 14 20 f.
775 1543 62 23 1843,
863 1539 14 25 1
906 1542 62 21 1900.
1010 1542 128 26 Apotekare
1163 1542 5 20 i
1195 1540 141 27 Björneborg

733 1572 151 20 1876—1890.
913 1571 176 24 Bankdirektör,
1102 1570 186 22 kommunalräd.

763 1602 54 20 1885
849 1601 132 26 fullmäktig
1011 1601 36 20 för
1077 1601 78 20 staden
1187 1599 148 27 Björneborg.

732 1631 78 25 Suppl.
830 1631 7 20 i
855 1631 74 20 Ekon.
947 1630 60 21 utsk.
1027 1631 42 19 och
1088 1630 38 20 två
1144 1630 83 26 gånger
1246 1630 7 19 i
1272 1628 63 20 först.

732 1660 121 21 Statsutsk.

763 1691 53 19 1891
849 1690 132 26 fullmäktig
1012 1690 35 20 för

732 1720 78 25 Suppl.
826 1720 6 20 i
846 1720 73 20 Ekon.
934 1720 59 20 utsk.

1079 1690 78 20 staden
1188 1688 147 26 Björneborg.
