1492 1867
629 98 155 24 Personregister.

1313 95 34 19 297

57 1731 2 14 I

85 218 110 26 Kivekäs,
220 218 78 27 Lauri,
324 217 138 29 (Stenbäck,
487 218 85 23 Gustaf
588 219 103 22 Lauren-

144 253 67 29 tius),

87 293 15 20 f.
118 294 62 23 1852,
193 290 14 26 T
224 294 62 20 1893.
307 293 182 27 Jurisutriusgue
502 294 117 25 kandidat,
633 294 57 20 vice-

87 323 188 26 häradshöfding.
311 324 122 20 Sakförare
452 324 7 20 i
479 324 149 26 Helsingfors.

118 354 54 19 1885
189 353 132 26 fullmäktig
336 354 36 20 för
387 353 156 21 Tammerfors
560 354 57 20 stad.

118 383 53 20 1891
189 382 131 27 fullmäktig
336 383 36 21 för
387 383 157 21 Tammerfors
561 384 56 20 stad.

85 438 131 27 Kiviranta,
233 439 87 26 Oskar,

86 477 15 20 f.
122 478 62 20 1842.
216 477 145 22 Rusthällare
379 478 6 20 i
403 478 90 29 Hvittis.

117 508 55 20 1872
191 507 131 26 fullmäktig
339 508 36 20 för
393 504 56 25 Öfre
467 508 126 21 Satakunta
611 509 78 20 nedre-

86 537 48 20 dels
151 538 116 25 domsaga.
301 538 101 21 Elektor.
437 538 78 26 Suppi.
534 538 6 20 i
559 538 51 20 Bev.
630 537 59 22 utsk.

85 593 85 27 Klami,
188 593 64 26 Erik,

86 632 15 20 f.
117 632 62 25 1820,
193 629 14 26 T
223 633 62 20 1868.
307 633 78 20 Bonde
398 633 29 26 pä
440 633 99 21 Klamila
552 633 6 21 i
571 634 118 20 Vederlax.

86 662 122 26 Skeppare.

116 690 92 27 1863/64
226 692 131 27 fullmäktig
374 693 36 20 för
428 693 128 26 Kymmene
573 694 116 25 domsaga.

86 721 78 26 Suppl.
177 721 6 20 i
196 722 175 21 Talmanskonf.
400 723 99 20 Elektor.
529 723 72 20 Led.i
615 723 74 20 Ekon.

86 751 59 20 utsk.
163 752 43 19 och
223 752 6 19 i
246 751 58 21 Just.
322 753 60 20 utsk.
416 753 78 26 Suppl.
512 753 7 20 i
537 753 69 20 Ensk.
625 753 64 20 Besv.

86 781 58 20 utsk.
179 781 79 21 Förste
274 783 75 25 suppl.
367 782 36 21 för
421 782 178 21 bondeständets
617 783 72 20 bank-

86 817 91 14 revisor.

84 867 84 27 Klami,
184 867 72 25 Juho,

87 906 14 21 f.
122 907 62 23 1832,
210 904 7 25 I
239 907 62 20 1898.
331 907 187 21 Landthandlare
541 907 7 21 i
572 908 117 20 Vederlax.

85 936 132 26 Sjökapten.

117 967 54 19 1872
198 966 132 26 fullmäktig
356 967 35 20 för
418 967 128 26 Kymmene
573 968 116 25 domsaga.

86 995 52 21 Led.
155 995 7 21 i
178 995 159 27 Sjölagsutsk.;
352 997 6 20 i
375 997 57 20 Just.
449 997 69 24 utsk.;
535 999 33 18 tre
584 997 83 26 gänger
683 997 5 19 i

85 1025 63 21 först.
167 1026 120 21 Statsutsk.
305 1027 43 20 och
365 1026 6 21 i
388 1027 64 20 först.
470 1027 52 20 Bev.
540 1027 59 20 utsk.

116 1056 55 20 1885
198 1055 132 26 fullmäktig
355 1056 37 21 för
418 1057 129 25 Kymmene
573 1057 115 25 domsaga.

85 1085 99 20 Elektor.
216 1085 53 21 Led.
285 1086 7 20 i
307 1086 120 21 Statsutsk.

116 1115 55 20 1888
198 1115 131 26 fullmäktig
355 1116 44 20 för
419 1117 128 25 Kymmene
572 1117 116 25 domsaga.

84 1144 100 21 Elektor.
216 1145 53 20 Led.
285 1145 6 21 i
307 1146 121 20 Statsutsk.

116 1175 53 20 1891
199 1175 130 26 fullmäktig
356 1175 36 21 för
419 1176 128 26 Kymmene
572 1177 116 24 domsaga.

84 1204 100 21 Elektor.
217 1205 54 20 Led.
289 1205 6 20 i
312 1205 52 20 Bev.
383 1206 59 20 utsk.

82 1259 197 28 Klinkowström,
296 1260 89 23 Arthur
402 1261 61 22 Emil
479 1261 120 28 Wilhelm,

84 1299 103 25 friherre,
198 1299 15 21 f.
226 1300 63 24 1835,
301 1297 14 25 1
329 1301 62 20 1883.
410 1301 157 20 Possessionat
577 1301 6 20 i
595 1301 93 24 Vichtis,

84 1329 69 20 sedan
169 1329 257 21 brännvinskontrollör
442 1330 6 20 i
465 1330 148 26 Helsingfors.

115 1357 91 27 1863/64
223 1359 6 20 i
246 1359 158 26 ridderskapet
421 1360 43 20 och
481 1361 73 19 adeln.

115 1389 54 19 1867
188 1389 7 19 i
211 1389 158 26 ridderskapet
387 1390 43 20 och
449 1390 72 20 adeln.

115 1418 55 20 1882
187 1418 7 20 i
211 1418 158 26 ridderskapet
387 1420 43 19 och
448 1419 73 20 adeln.

82 1468 141 28 Klingstedt,
240 1469 99 21 Fredrik
355 1469 83 27 Jonas,

83 1506 16 21 f.
114 1507 63 24 1807,
192 1504 14 26 +
223 1508 62 20 1883.
316 1504 111 28 Öfverste,
442 1508 53 20 chef
508 1508 36 20 för
557 1508 131 20 Petroffska

82 1536 255 27 infanteriregementet,
356 1537 81 21 afsked
456 1538 62 20 1865.
553 1538 134 25 Godsägare.

114 1565 92 27 1863/64
223 1568 6 20 i
246 1567 158 25 ridderskapet
421 1568 43 19 och
481 1567 73 21 adeln.

81 1611 125 27 Klockars,
224 1611 87 27 Petter,

82 1650 16 20 f.
114 1650 63 24 1752,
192 1647 14 25 1
223 1650 62 20 1841.
316 1650 79 20 Bonde
408 1650 30 26 pä
453 1650 111 21 Klockars
578 1650 109 20 hemman

82 1679 7 20 i
112 1680 132 25 Nykarleby
267 1680 92 20 socken.
397 1680 169 25 Riksdagsman
589 1680 6 20 i
619 1680 68 20 Norr-

81 1708 87 26 köping
188 1709 62 20 1800.
285 1709 187 21 Häradsdomare
492 1710 63 20 1801.
589 1709 98 21 Medlem

57 1748 2 4 i
82 1738 6 20 i
103 1738 85 20 Finska
202 1738 163 26 deputationen
380 1739 33 20 till
429 1739 30 20 St.
473 1739 137 25 Petersburg
625 1739 62 20 1808.

723 170 113 24 (Klockars,
850 170 82 23 Petter,)

757 222 56 21 1809
841 222 87 20 ombud
956 222 36 20 för
1020 218 159 24 Österbottens
1207 220 122 22 medledels

725 253 69 20 nedre
811 252 116 26 domsaga.
960 252 182 20 Bondeständets
1159 252 131 20 talman.

723 314 47 16 von
787 308 128 28 Knorring,
931 307 136 23 Alexander
1082 308 120 26 Wilhelm,

725 348 15 20 f.
755 348 62 20 1853.
846 347 152 26 Stabskapten
1009 347 38 21 vid
1060 347 102 26 Nylands
1174 346 154 26 skarpskytte-

725 377 109 26 bataljon.
871 374 205 28 Öfverstelöjtnant
1098 377 62 21 1908.
1196 374 132 23 Politieräd-

725 413 55 15 man
798 407 7 21 i
825 407 149 26 Helsingfors.

756 438 55 20 1885
828 437 6 20 i
849 437 158 26 ridderskapet
1023 437 43 20 och
1082 437 68 20 adeln
1168 433 44 28 (för
1228 436 63 20 ätten
1306 434 23 21 af

725 464 140 28 Björksten).

723 528 48 17 von
788 523 128 28 Knorring,
933 523 80 21 Anton
1031 522 116 27 Leonard,

725 562 14 20 f.
761 563 62 19 1853.
857 561 243 26 Vicehäradshöfding,
1119 561 96 20 kanslist
1234 561 6 20 i
1259 559 68 21 medi-

723 591 179 26 cinalstyrelsen,
921 591 7 20 i
946 593 93 18 senaten
1057 591 62 20 1884.
1153 590 174 21 Landssekrete-

724 627 50 15 rare
795 621 6 20 i
824 621 94 26 Wiborg
940 621 151 21 1886—1902.
1129 621 118 20 Guvernör
1269 620 7 20 i
1297 619 30 20 St.

724 651 83 20 Michel
825 651 151 20 1905—1910.

756 682 54 19 1882
826 682 6 19 i
847 681 157 26 ridderskapet
1018 681 44 20 och
1076 681 74 20 adeln.
1181 680 94 21 Elektor
1292 677 35 27 (fr.

726 712 8 19 1
756 708 69 29 juni).
861 711 53 20 Led.
935 711 6 20 i
961 711 191 20 Riddarhusutsk.
1174 711 43 20 och
1237 710 6 20 i
1264 709 63 20 först.

724 741 121 20 Statsutsk.
878 741 78 26 Suppl.
973 741 43 20 och
1034 741 138 20 sekreterare
1189 740 6 20 i
1212 740 55 25 Lag-
1285 739 42 20 och

724 771 74 20 Ekon.
815 770 60 21 utsk.
908 771 78 26 Suppl
1003 771 7 20 i
1027 770 63 21 först.
1108 771 52 20 Bev.
1178 770 59 20 utsk.

756 801 54 20 1885
822 800 7 21 i
840 800 158 26 ridderskapet
1010 801 42 20 och
1065 801 66 20 adeln
1146 797 44 27 (för
1201 800 53 20 frih.
1266 800 62 19 ätten

724 827 96 28 Mellin).
852 829 52 22 Led.
919 830 7 20 i
941 830 73 21 Ekon.
1029 830 70 24 utsk.;
1114 830 7 20 i
1136 828 191 23 Riddarhusutsk.

724 860 43 20 och
782 861 34 19 tre
830 859 83 26 gänger
929 860 6 20 i
951 860 63 20 först.
1031 860 120 20 Statsutsk.

755 891 56 20 1888
836 890 7 20 i
868 890 158 25 ridderskapet
1052 890 43 20 och
1120 890 74 20 adeln.

724 919 53 21 Led.
795 919 6 21 i
818 919 73 21 Ekon.
907 920 60 20 utsk.
1000 920 78 25 Suppl.
1095 920 7 20 i
1118 919 121 21 Statsutsk.

755 950 54 20 1891
836 951 7 20 i
868 949 158 26 ridderskapet
1050 950 44 19 och
1120 950 73 20 adeln.
1227 949 100 20 Elektor.

724 979 53 21 Led.
794 979 7 20 i
817 979 55 26 Lag-
890 980 42 19 och
949 979 73 21 Ekon.
1039 979 60 20 utsk.

755 1009 55 20 1894
830 1006 35 27 (fr.
884 1010 24 19 17
925 1006 56 29 apr.)
1000 1009 8 20 i
1022 1009 158 26 ridderskapet
1196 1009 43 20 och
1254 1008 73 20 adeln.

723 1039 54 20 Led.
794 1039 7 20 i
819 1039 130 20 Hästutskr.
968 1039 59 20 utsk.

756 1069 54 20 1897
831 1069 6 20 i
859 1068 158 27 ridderskapet
1036 1069 43 20 och
1100 1069 72 20 adeln.
1210 1069 53 20 Led.
1285 1067 42 21 och

723 1099 140 20 sekreterare
878 1099 8 20 i
900 1099 73 20 Ekon.
991 1099 59 20 utsk.

755 1129 55 20 1899
823 1128 7 21 i
843 1128 159 26 ridderskapet
1014 1129 43 20 och
1069 1129 73 20 adeln.
1170 1128 54 21 Led.
1238 1128 6 20 i
1259 1128 68 20 Stats-

723 1158 60 21 utsk.

755 1188 55 20 1900
828 1185 35 27 (fr.
879 1189 26 19 13
919 1185 69 28 mars)
1005 1188 7 20 i
1025 1188 157 26 ridderskapet
1197 1188 43 20 och
1253 1187 74 20 adeln.

754 1216 92 27 1904/05
863 1218 7 20 i
886 1217 158 27 ridderskapet
1061 1218 42 20 och
1121 1218 73 20 adeln.
1226 1217 101 20 Elektor.

723 1247 53 21 Led.
792 1249 6 20 i
812 1247 56 26 Lag-
883 1248 43 19 och
941 1248 73 20 Ekon.
1028 1248 60 20 utsk.
1103 1248 43 20 och
1160 1248 7 19 i
1181 1247 63 21 först.
1275 1247 51 20 Bev.

723 1277 59 20 utsk.

721 1320 48 17 von
786 1315 128 28 Knorring,
932 1315 54 23 Carl
1004 1315 63 28 Erik,

1343 1333 1 19 |

723 1355 14 20 f.
753 1355 62 20 1861.
836 1355 258 26 Järnvägstjänsteman.
1116 1354 163 26 Generalagent
1292 1353 35 20 för

723 1384 261 26 litförsäkringsbolaget
1003 1384 160 20 »L'Urbaine».

754 1415 54 19 1891
824 1414 7 20 i
846 1414 157 26 ridderskapet
1018 1414 42 20 och
1076 1414 65 20 adeln
1160 1411 43 27 (för
1218 1414 62 20 ätten
1295 1412 33 20 De

723 1440 74 28 Geer).

754 1474 55 20 1894
834 1473 7 20 i
864 1473 158 26 ridderskapet
1045 1474 43 20 och
1112 1474 65 20 adeln
1198 1470 44 27 (för
1266 1473 62 19 ätten

723 1500 135 27 Kuhlefelt).

754 1533 55 20 1897
824 1532 7 20 i
845 1532 159 26 ridderskapet
1019 1533 42 19 och
1076 1533 68 19 adeln
1160 1529 45 27 (för
1219 1533 63 19 ätten
1295 1531 32 19 De

723 1559 74 27 Geer).

754 1592 56 20 1899
821 1591 7 21 i
840 1592 157 26 ridderskapet
1009 1592 42 20 och
1064 1592 65 20 adeln
1145 1589 44 27 (för
1200 1591 53 20 frih.
1266 1592 61 18 ätten

722 1628 45 13 von
786 1618 176 27 Friesendorff).

754 1651 55 20 1900
831 1651 6 20 i
859 1650 158 27 ridderskapet
1039 1651 43 21 och
1105 1651 65 20 adeln

722 1678 164 28 Wärnhjelm).

754 1709 92 26 1905/06
864 1710 6 20 i
888 1710 158 26 ridderskapet
1064 1710 43 20 och
1125 1710 65 20 adeln
1212 1706 44 27 (för
1274 1708 53 20 frih.

722 1739 63 21 ätten
800 1737 82 27 Boije).

1198 1648 44 26 (för
1266 1650 61 20 ätten

1228 889 99 20 Elektor.
1343 895 2 4 j
