1503 1867
128 288 54 20 1897
197 287 130 26 fullmäktig
341 287 34 20 för
390 287 143 26 Helsingfors
547 289 56 20 stad.
632 288 67 20 Elek-

734 287 59 21 utsk.

641 71 155 32 Personregister.
1323 77 35 17 355

71 167 1 4 |
92 146 157 24 (Schybergson,
262 147 58 17 Ernst
333 146 65 24 Emil,)
731 146 140 24 (Segersträle,
884 147 45 18 Clas
942 147 95 23 Samuel,)
1355 130 1 49 |

97 198 5 20 i
116 199 63 19 först.
194 198 106 26 Lagutsk.
315 198 42 20 och
371 199 7 19 i
391 199 64 20 först.
470 199 121 20 Statsutsk.
620 200 78 25 Suppl.
766 200 53 19 1891
832 198 7 21 i
850 198 157 26 ridderskapet
1019 199 42 20 och
1073 200 74 19 adeln.
1174 200 79 26 Suppl.
1266 200 8 20 i
1284 200 52 20 Bev.
1355 205 1 29 |

96 228 5 19 i
118 228 107 25 Lagutsk.
245 225 35 27 (fr.
299 229 24 19 13
339 225 69 28 mars)
427 228 42 21 och
485 230 5 19 i
506 228 57 26 Exp.
579 228 58 21 utsk.
657 226 42 27 (till
714 221 10 37 |
734 228 59 20 utsk.
809 225 41 28 (till
865 229 26 20 19
902 225 80 28 mars).
1011 228 52 21 Led.
1077 228 6 20 i
1095 228 63 21 först.
1171 229 53 20 Bev.
1236 229 60 20 utsk.
1354 242 2 22 |

97 259 11 18 2
123 255 69 28 juni).
766 258 55 21 1894
836 258 6 20 i
857 257 157 27 ridderskapet
1029 258 44 21 och
1088 259 73 20 adeln.
1193 258 53 21 Led.
1262 259 8 20 i
1284 259 53 20 Bev.
1354 265 2 24 |

97 319 41 18 tor.
168 317 52 21 Led.
236 317 6 20 i
256 317 77 20 Järnv.
348 317 59 20 utsk.
421 318 43 20 och
479 317 6 21 i
500 317 63 21 först.
579 317 120 21 Statsutsk.

97 347 78 26 Suppl.
192 347 6 20 i
214 347 118 26 Språkpet.
348 347 59 20 utsk.

128 377 55 20 1899
197 376 130 27 fullmäktig
341 377 36 20 för
391 377 143 26 Helsingfors
548 377 56 21 stad.
633 377 66 21 Elek-

96 407 42 20 tor.
171 406 53 21 Led.
242 407 6 20 i
266 406 57 21 Just.
341 407 59 20 utsk.

128 436 55 21 1900
197 436 131 26 fullmäktig
341 436 36 21 för
391 436 143 26 Helsingfors
547 438 56 19 stad.
633 436 66 21 Elek-

97 467 41 19 tor.
169 466 53 21 Led.
237 466 7 20 i
259 466 77 21 Järnv.
351 467 60 20 utsk.

129 494 91 27 1905/06
231 496 130 26 fullmäktig
371 496 36 21 för
418 496 143 26 Helsingfors
572 497 55 20 stad.
645 497 54 20 Led.

97 525 6 20 i
118 526 77 20 Järnv.
210 526 59 20 utsk.
286 526 42 20 och
342 526 7 20 i
364 526 63 21 först.
442 526 53 21 Bev.
510 526 60 21 utsk.

95 580 149 28 Sederholm,
260 581 77 22 Jakob
354 581 132 28 Johannes,

97 620 16 21 f.
129 621 62 20 1863.
221 620 107 21 Filosofie
342 621 107 20 licentiat.
479 621 107 20 Direktor
600 621 36 21 för
650 626 49 21 geo-

97 650 87 26 logiska
202 650 187 21 kommissionen.
422 651 25 20 E.
466 657 19 14 o.
503 651 115 26 professor
637 651 62 21 1910.

129 678 91 27 1905/06
248 680 130 26 fullmäktig
407 681 35 19 för
471 680 142 26 Helsingfors
643 681 56 20 stad.

72 705 1 27 |
98 709 78 26 Suppl
193 710 6 20 i
214 710 78 20 Järnv.
308 710 59 20 utsk.
399 710 53 20 Led.
467 712 7 20 i
491 710 63 21 först.
571 710 52 21 Bev.
640 710 59 21 utsk.

74 1020 1 4 =
99 1000 14 21 £.
135 1002 62 19 1864.

95 770 165 30 Segercrantz,
278 772 103 26 Fredric,

99 810 14 21 f.
127 812 62 23 1774,
201 808 13 25 €
229 812 61 20 1813.
317 811 110 26 Adjutant
438 812 37 20 vid
487 812 141 20 Tavastehus
640 817 60 20 rege-

98 842 82 19 mente.
211 840 77 26 Ingick
303 847 49 14 som
369 841 98 26 löjtnant
482 841 8 21 i
504 841 53 26 rysk
573 841 69 26 tjänst
657 842 43 20 och

98 876 39 14 var
153 870 84 26 kapten
252 871 70 20 redan
338 870 5 21 i
360 871 128 25 september
506 872 61 20 1810.

130 900 55 21 1809
202 900 6 20 i
226 900 157 26 ridderskapet
401 901 42 20 och
461 901 74 20 adeln.

96 961 165 29 Segercrantz,
278 962 108 27 Hjalmar
403 962 110 26 Frithiof,

231 1001 136 21 Handlande
385 1001 6 20 i
412 1001 150 26 Helsingfors.

130 1031 52 20 1891
202 1030 6 21 i
226 1031 157 26 ridderskapet
401 1032 42 20 och
461 1032 74 20 adeln.

130 1061 55 20 1899
203 1060 5 20 i
226 1060 156 26 ridderskapet
399 1061 44 21 och
461 1062 73 20 adeln.

130 1089 91 27 1904/05
241 1090 6 20 i
265 1090 158 26 ridderskapet
442 1092 43 19 och
504 1091 73 21 adeln.

131 1118 91 28 1905/06
244 1120 6 20 i
272 1120 157 26 ridderskapet
451 1121 43 20 och
517 1121 66 21 adeln
610 1118 41 27 (till
676 1121 25 20 13

99 1156 61 13 mars
178 1147 73 27 1906).

97 1210 164 29 Segercrantz,
278 1211 79 22 Johan
374 1211 86 23 Gustaf
476 1212 69 27 Emil,

101 1250 14 21 f.
130 1251 62 24 1826,
206 1247 14 26 1
235 1251 61 20 1901.
325 1251 89 26 Kapten
427 1251 38 20 vid
479 1251 101 26 Nylands
593 1251 109 26 bataljon,

100 1281 70 20 sedan
185 1280 80 26 major.
296 1280 147 27 Kronofogde
458 1281 6 20 i
480 1281 128 26 Kymmene
623 1281 78 20 härad.

132 1308 91 27 1863/64
242 1310 6 20 i
267 1310 158 26 ridderskapet
443 1311 44 20 och
506 1311 73 20 adeln.

132 1340 55 20 1894
204 1339 6 20 i
228 1339 157 27 ridderskapet
403 1341 43 20 och
464 1339 73 22 adeln.

76 1415 2 5 |
99 1400 155 29 Segerstråle,
271 1401 55 24 Clas
343 1401 104 28 Samuel,

102 1440 15 21 f.
132 1441 61 24 1850,
207 1438 14 25 t
234 1439 38 28 28/,
283 1441 62 20 1897.
372 1441 243 26 Vicehäradshöfding.
644 1441 59 20 Kan-

102 1470 47 21 slist
162 1470 7 21 i
183 1472 103 19 senatens
300 1471 255 26 jordbruksexpedition
572 1472 61 24 1878,
648 1471 55 21 refe-

101 1500 243 21 rendariesekreterare
361 1502 62 20 1891.

133 1528 91 28 1877/78
243 1530 6 20 i
268 1530 158 27 ridderskapet
445 1531 43 20 och
507 1531 73 20 adeln.

133 1560 55 20 1882
210 1560 6 20 i
239 1560 157 26 ridderskapet
419 1561 43 20 och
486 1561 73 20 adeln.
597 1561 77 26 Suppl.
698 1560 6 20 i

102 1589 201 21 Ständerhusutsk.

134 1625 55 20 1885
204 1625 5 20 i
225 1625 157 26 ridderskapet
398 1626 43 20 och
456 1627 74 19 adeln.
561 1627 53 19 Led.
630 1626 5 20 i
653 1626 51 20 Bev.

102 1654 59 20 utsk.
179 1654 42 20 och
238 1654 37 20 två
291 1654 84 26 gånger
391 1655 6 20 i
415 1655 63 20 först.
496 1655 120 21 Statsutsk.

134 1684 55 20 1888
212 1684 7 20 i
243 1684 156 26 ridderskapet
425 1685 42 20 och
492 1685 73 20 adeln.
605 1685 99 20 Elektor.

103 1713 52 20 Led.
173 1715 7 19 i
197 1713 73 21 Ekon.
288 1714 59 20 utsk.

766 318 54 20 1897
833 317 6 21 i
851 317 157 27 ridderskapet
1021 318 43 21 och
1076 319 73 20 adeln.
1178 319 53 20 Led.
1244 319 7 20 i
1263 318 74 21 Ekon.

734 347 59 21 utsk.

732 402 155 29 Segerstråle,
904 403 82 29 Georg
1002 403 67 28 Otto,

734 442 15 21 f.
768 443 62 24 1860,
847 439 15 26 T
881 443 61 20 1914.
975 442 243 27 Vicehäradshöfding.

766 473 54 20 1885
842 472 8 21 i
872 472 157 27 ridderskapet
1052 473 43 20 och
1118 473 68 20 adeln
1210 470 45 27 (för
1276 474 61 19 ätten
1355 482 1 19 '

734 499 164 29 Segercrantz).

731 557 156 29 Segerstråle,
902 558 79 22 Johan
998 558 92 28 Viktor,

734 597 15 20 f.
764 598 62 23 1852,
839 595 15 25 T
869 598 61 20 1912.
958 597 75 21 Andre
1045 597 105 21 aktuarie
1162 597 39 22 vid
1213 597 124 21 statistiska

733 627 160 26 centralbyrån
912 628 151 20 1885—1898.
1097 627 195 26 Kollegiassessor.

766 657 55 21 1888
843 657 8 20 i
871 657 158 26 ridderskapet
1051 657 44 21 och
1117 658 65 20 adeln

735 684 175 27 Wallensköld).
942 687 53 20 Led.
1012 687 6 20 i
1034 687 52 20 Bev.
1102 687 60 21 utsk.

766 717 53 20 1891
843 716 6 20 i
872 716 158 26 ridderskapet
1052 717 42 20 och
1117 717 66 21 adeln
1210 714 44 27 (för
1276 718 61 20 ätten
1355 704 1 37 |

735 743 115 27 Gadolin).

766 776 55 20 1894
844 776 6 20 i
872 776 157 26 ridderskapet
1052 777 43 20 och
1117 777 67 20 adeln
1210 774 45 27 (för
1276 777 61 20 ätten

735 803 162 27 Adlercreutz).
926 806 78 26 Suppl.
1016 808 6 20 i
1034 806 121 21 Statsutsk.
1171 804 35 27 (fr.
1218 807 26 20 31
1256 803 81 27 mars).

736 835 52 21 Led.
804 835 7 21 i
827 835 62 21 först.
907 836 107 26 Lagutsk.

767 866 53 20 1897
844 866 7 19 i
873 865 158 27 ridderskapet
1054 866 43 20 och
1118 867 68 20 adeln
1210 863 45 27 (för
1277 867 61 19 ätten

735 892 164 28 Segercrantz).
932 896 78 26 Suppl.
1028 896 6 20 i
1052 896 121 20 Statsutsk.

767 923 90 27 1904/05
874 925 7 20 i
897 925 158 27 ridderskapet
1072 926 42 20 och
1131 926 73 20 adeln.
1237 926 78 26 Suppl.
1332 924 7 20 i

736 954 119 21 Statsutsk.
874 952 35 27 (fr.
924 955 25 20 31
965 962 62 14 mars
1044 953 63 27 1905)
1126 956 42 20 och
1184 956 6 20 i
1204 956 58 20 Just.
1278 955 59 21 utsk.

733 1016 154 29 Segersträle,
904 1017 62 24 Knut
982 1017 90 27 Albert,

736 1056 15 20 f.
767 1057 61 19 1862.
857 1056 105 26 Teologie
974 1056 117 21 kandidat.

736 1086 89 25 lyceum
841 1086 62 21 1902.

768 1116 55 20 1899
839 1116 5 20 i
863 1116 157 26 ridderskapet
1037 1117 43 20 och
1099 1117 73 20 adeln.

733 1177 110 28 Seppälä,
861 1177 131 30 (Seppelä),
1004 1178 113 27 Tuomas,

1120 1057 84 20 Lektor
1216 1056 40 21 vid
1266 1056 73 26 Borgå
1356 1067 2 11 :

1210 655 44 27 (för
1276 658 61 20 ätten
1355 671 1 14 ;

738 1217 15 20 f.
767 1217 61 24 1763,
849 1214 6 26 T
870 1217 62 21 1839.
960 1217 77 21 Bonde
1049 1217 7 20 i
1067 1217 91 21 Ahtiala
1169 1217 30 26 by
1211 1217 23 20 af
1247 1217 92 20 Nastola
1357 1207 1 37 |

737 1247 75 26 kapell
824 1247 42 20 och
879 1247 91 20 Hollola
982 1247 90 20 socken.
1085 1247 254 20 Häradsnämndeman.

769 1277 55 20 1809
837 1278 156 25 representant
1006 1277 35 20 för
1055 1277 91 20 Hollola
1159 1277 78 20 härad.
1266 1275 74 22 Led.i

737 1306 147 21 Finansutsk.

735 1367 119 27 Serenius,
871 1368 78 28 (1906:
966 1368 159 29 Saarikoski),
1135 1369 65 22 Felix
1211 1368 131 27 Florentin,

739 1407 14 20 f.
767 1408 62 19 1857.
856 1407 188 21 Justitierädman
1057 1408 5 19 i
1075 1407 163 21 Tammerfors.

739 1466 138 21 ordförande
891 1467 7 20 i
911 1467 267 26 justitiedepartementet
1194 1468 62 19 1913.

770 1497 53 20 1897
844 1496 131 27 fullmäktig
994 1497 35 20 för
1047 1497 157 20 Tammerfors
1224 1497 56 20 stad.

737 1558 142 27 Serlachius,
897 1558 55 23 Carl
969 1558 77 27 Allan,

740 1597 14 20 f.
772 1598 62 20 1870.
865 1597 61 21 Juris
941 1597 115 26 professor
1071 1597 38 21 vid
1124 1597 160 21 universitetet.

771 1625 91 24 1904/05
885 1627 51 20 vald
962 1627 24 20 af
1009 1627 73 25 Borgå
1105 1627 60 20 stifts
1189 1626 153 26 prästerskap.

740 1656 53 20 Led.
808 1656 6 20 i
829 1656 189 25 Grundlagsutsk.
1034 1657 43 20 och
1091 1656 7 20 i
1113 1656 76 21 Särsk.
1204 1656 64 20 Besv.
1282 1655 60 21 utsk.

741 1686 77 26 Suppl.
837 1686 7 20 i
863 1686 64 20 först.
947 1686 52 20 Bev.
1019 1686 59 20 utsk.
1113 1686 82 26 Tredje
1214 1686 74 25 suppl.
1308 1684 35 21 för

740 1715 176 25 prästeständets
934 1716 201 25 bankfullmäktig.

1265 1408 75 19 Asses-
1358 1400 1 16 |

739 1443 36 14 sor
795 1437 6 20 i
824 1433 48 24 Åbo
894 1437 86 20 hofrätt
1003 1437 62 25 1904,
1087 1439 91 19 senator
1200 1437 62 24 1910,
1285 1437 75 19 vice-
1351 1429 13 37 ;
