1492 1870
130 79 35 18 240

704 80 153 23 Personregister.

706 110 714 10 RR
1351 101 53 28 ———L
1405 101 18 28 LL

156 151 47 23 (von
218 151 78 22 Collan,
309 151 129 24 Alexander,)

191 204 57 19 1888
262 203 6 20 i
282 203 158 26 ridderskapet
457 204 42 20 och
514 204 73 20 adeln.
620 204 52 20 Led.
689 204 5 20 i
711 203 51 21 Rid-

160 233 64 20 darh.
243 233 58 20 utsk.

191 263 55 20 1891
263 263 6 20 i
284 263 157 26 ridderskapet
458 264 41 19 och
516 263 73 21 adeln.
620 263 53 20 Led.
691 265 4 19 i
711 263 51 20 Rid-

160 292 64 20 darh.
242 292 59 20 utsk.
319 293 42 20 och
379 293 5 20 i
403 293 63 20 först.
485 293 51 20 Bev.
553 293 59 20 utsk.

192 322 56 20 1894
266 321 5 21 i
289 322 157 26 ridderskapet
464 323 43 20 och
524 323 73 20 adeln.

192 352 56 19 1897
266 351 6 20 i
289 351 158 27 ridderskapet
464 353 42 20 och
525 352 73 21 adeln.

192 382 56 19 1899
266 381 6 20 i
288 381 158 26 ridderskapet
464 383 43 19 och
524 382 72 20 adeln.

192 411 57 20 1900
266 411 6 20 i
289 411 158 26 ridderskapet
464 412 43 20 och
525 412 73 20 adeln.

192 439 92 26 1904/05
301 441 6 20 i
323 441 158 26 ridderskapet
498 442 41 19 och
557 441 73 20 adeln.

192 468 92 27 1905/06
301 470 6 20 i
323 470 158 26 ridderskapet
497 471 43 20 och
557 471 73 19 adeln.

158 530 49 18 von
225 525 94 28 Collan,
335 526 143 28 Alexander,

162 564 14 20 f.
192 565 64 20 1858.
285 564 242 27 Vicehäradshöfding,
543 566 95 20 kanslist
653 565 4 20 i
672 565 91 21 medici-

161 594 157 26 nalstyrelsen,
334 596 5 20 i
356 597 92 19 senaten
467 596 61 20 1889.
560 595 205 21 Protokollssekre-

161 626 80 18 terare.
276 624 104 20 Assessor
400 625 6 19 i
426 626 51 24 väg-
498 626 42 19 och
560 625 205 25 vattenbyggnads-

161 654 110 25 styrelsen
291 654 61 20 1905.

193 684 57 20 1888
271 684 6 20 i
299 684 159 26 ridderskapet
480 685 42 20 och
546 685 64 20 adeln
638 681 44 27 (för
703 685 61 19 ätten

162 711 143 28 Ollonberg).

193 743 54 20 1891
272 743 6 20 i
299 743 158 26 ridderskapet
480 745 42 19 och
545 744 66 20 adeln
638 741 43 26 (för
704 744 61 19 ätten

162 770 143 28 Ollonberg).
342 773 78 26 Suppl.
443 774 5 19 i
470 774 55 25 Lag-
546 774 42 19 och
611 773 72 20 Ekon.
706 773 58 20 utsk.

166 799 36 26 (fr.
217 803 28 20 25
260 800 66 28 apr).

195 833 56 19 1894
263 832 4 20 i
280 832 156 26 ridderskapet
448 833 44 20 och
504 833 64 20 adeln
584 830 44 26 (för
640 832 52 20 frih.
705 833 60 19 ätten

163 859 164 28 Stackelberg).
361 862 78 25 Suppl.
458 863 6 19 i
481 863 55 25 Lag-
552 863 45 19 och
615 862 73 20 Ekon.
706 861 59 20 utsk.

166 887 36 27 (fr.
216 891 28 20 26
258 889 65 28 apr.).

194 921 56 19 1897
263 921 6 19 i
279 921 157 25 ridderskapet
448 922 44 20 och
503 922 66 19 adeln
584 919 44 25 (för
640 921 52 19 frih.
704 921 62 19 ätten

163 948 367 28 Standertskjöld-Nordenstam).
544 951 78 25 Suppl.
636 950 5 20 i
655 950 55 26 Lag-
723 950 42 20 och

162 979 74 20 Ekon.
255 980 58 20 utsk.
331 980 43 20 och
391 980 6 20 i
415 980 108 20 Riddarh.
540 980 60 20 utsk.

194 1009 56 20 1899
263 1009 6 20 i
282 1009 156 26 ridderskapet
452 1010 43 20 och
508 1010 68 20 adeln
590 1006 44 27 (för
647 1010 63 20 ätten
721 1015 45 13 von

162 1035 106 27 Becker).
296 1038 52 21 Led.
364 1040 5 20 i
385 1039 109 21 Riddarh.
508 1040 60 20 utsk.

194 1068 56 20 1900
262 1068 7 20 i
279 1068 157 26 ridderskapet
448 1070 43 19 och
503 1069 64 20 adeln
584 1066 44 26 (för
639 1068 52 20 frih.
704 1069 60 19 ätten

160 1104 43 13 von
215 1095 175 27 Friesendorff).
409 1098 69 21 Led.i
489 1098 109 21 Riddarh.
609 1098 58 20 utsk.
686 1098 78 25 Suppl.

161 1126 6 20 i
191 1126 201 22 Vattenrättsutsk.
432 1128 53 20 Led.
510 1128 6 20 i
540 1128 64 20 först.
629 1128 51 20 Bev.
704 1127 60 20 utsk.

160 1156 178 26 Ridderskapets
352 1158 42 19 och
410 1158 77 20 adelns
502 1158 73 25 suppl.
590 1158 5 19 i
611 1157 154 20 Antells-dele-

161 1186 115 24 gationen.

192 1214 93 26 1904/05
302 1216 6 20 i
324 1216 158 26 ridderskapet
499 1217 42 19 och
558 1216 65 20 adeln
644 1213 44 24 (för
704 1216 60 20 ätten

162 1251 45 13 von
219 1242 134 27 Guvenius).
382 1246 98 26 Suppl.i
493 1246 55 26 Lag-
562 1246 42 20 och
618 1246 73 20 Ekon.
705 1245 59 20 utsk.

165 1271 36 26 (fr.
216 1275 10 19 7
241 1274 57 21 febr.
314 1272 73 27 1905).

194 1302 92 27 1905/06
303 1304 6 20 i
325 1304 158 27 ridderskapet
500 1306 42 19 och
559 1305 65 20 adeln
646 1301 43 27 (för
704 1305 60 19 ätten

162 1339 46 14 von
226 1331 134 27 Guvenius).
394 1334 78 26 Suppl
492 1335 5 19 i
517 1334 108 21 Riddarh.
645 1334 59 20 utsk.

159 1388 49 17 von
226 1383 94 27 Collan,
337 1384 55 22 Clas
410 1384 112 27 Herman,

163 1421 14 20 f.
197 1423 63 19 1862.
292 1422 183 26 Jurisutriusgue
490 1423 117 23 kandidat,
625 1423 142 20 vicehärads-

163 1451 104 27 höfding.
296 1452 177 21 Senatskanslist
488 1453 61 20 1891.
578 1452 106 20 Direktör
696 1452 6 20 i
715 1451 52 20 Fin-

164 1481 66 20 lands
244 1482 65 20 Bank
325 1483 61 19 1895.

196 1511 54 20 1891
265 1511 6 20 i
284 1511 157 26 ridderskapet
455 1512 42 20 och
510 1512 66 20 adeln
593 1508 44 27 (för
648 1512 64 19 ätten
723 1517 44 13 von

164 1540 114 26 Böningh,
293 1541 68 20 sedan
377 1541 35 20 för
427 1542 61 20 ätten
503 1538 134 26 Kuhlefelt).
668 1540 78 26 Suppl.
762 1540 5 19 i

164 1569 56 25 Lag-
242 1570 43 20 och
306 1570 73 20 Ekon.
400 1571 60 20 utsk.
486 1568 34 27 (fr.
544 1572 25 18 17
590 1570 34 20 till
645 1571 27 19 28
693 1567 75 26 febr).

165 1598 79 26 Suppl.
261 1599 6 20 i
284 1599 62 21 först.
363 1600 52 20 Bev.
432 1600 59 20 utsk.

196 1629 57 19 1894
275 1628 269 22 riddarhussekreterare.
581 1629 9 20 1
612 1628 157 26 ridderskapet

165 1658 43 20 och
224 1658 68 20 adeln
309 1656 43 26 (för
367 1659 61 20 ätten
445 1659 61 20 Räck
521 1659 6 20 i
542 1656 117 26 Finland).
690 1658 78 25 Suppl.

138 1705 1 7 |
187 1687 58 21 Just.
262 1688 59 20 utsk.
342 1685 35 26 (fr.
396 1689 26 19 16
437 1688 33 20 till
486 1689 27 19 25
530 1685 64 29 maj).

138 1717 2 20 i
197 1718 55 18 1897
269 1718 13 19 t.
300 1717 14 20 f.
330 1717 223 21 riddarhuskamrer.
586 1717 9 20 1
612 1716 156 26 ridderskapet

796 152 49 23 (von
859 152 77 21 Collan,
949 152 46 18 Clas
1009 151 102 23 Herman,)

799 205 42 20 och
857 204 67 20 adeln
942 201 44 26 (för
1001 204 62 19 ätten
1079 203 60 20 Bäck
1156 203 6 20 i
1177 200 116 26 Finland).
1325 200 74 22 Led.i

800 234 62 20 först.
880 233 119 21 Statsutsk.

830 264 55 19 1899
906 263 271 20 riddarhussekreterare.
1214 262 8 20 1
1244 261 157 26 ridderskapet

800 294 42 19 och
857 293 67 20 adeln
941 290 43 27 (för
998 293 61 20 ätten
1075 293 60 20 Bäck
1150 292 6 20 i
1172 289 116 26 Finland).

831 323 54 20 1900
907 322 269 21 riddarhussekreterare.
1214 322 9 19 I
1245 321 156 25 ridderskapet

800 353 41 20 och
858 353 65 20 adeln
942 349 44 27 (för
1001 353 61 19 ätten
1077 352 61 20 Bäck
1154 351 7 20 i
1175 348 117 27 Finland).
1322 350 78 26 Suppl.

801 383 5 19 i
821 383 56 20 Just.
893 382 59 20 utsk.
971 379 35 27 (fr.
1022 383 25 19 31
1064 379 65 28 maj).

832 410 90 26 1904/05
935 411 270 20 riddarhussekreterare.
1225 411 9 20 I
1245 410 156 25 ridderskapet

801 442 41 20 och
861 442 68 20 adeln
949 439 44 26 (för
1011 441 52 20 frih.
1083 442 60 19 ätten
1164 447 43 14 von
1227 437 173 26 Friesendorff).

801 472 77 24 Suppl.
896 471 6 20 i
919 471 57 20 Just.
994 471 59 19 utsk.
1074 468 35 26 (fr.
1129 472 25 18 15
1172 476 47 20 apr.
1239 467 73 26 1905).

832 499 91 27 1905/06
934 500 270 20 riddarhussekreterare.
1224 500 9 19 I
1245 499 156 25 ridderskapet

801 531 42 19 och
862 531 66 19 adeln
950 528 45 25 (för
1013 530 51 20 frih.
1085 531 61 19 ätten
1164 536 44 13 von
1228 526 173 26 Friesendortf).

799 592 146 26 Colliander,
961 592 74 22 Adolf
1051 591 124 27 Natanael,

802 632 14 19 f.
830 632 61 20 1854.
919 631 155 20 Possessionat
1086 630 28 26 pä
1126 630 109 20 Valkeala
1246 630 61 26 gärd.
1334 630 67 20 Kom-

802 661 127 20 munalräd.

833 692 54 19 1882
901 690 130 27 fullmäktig
1043 691 35 20 för
1090 690 112 26 Lappvesi
1215 691 114 24 domsaga.
1349 689 53 20 Led.

806 721 5 20 i
832 721 125 20 Bankutsk.
978 721 43 20 och
1041 720 5 20 i
1067 719 202 22 Ständerhusutsk.
1304 719 77 26 Suppl.
1402 718 6 20 i

807 751 119 20 Statsutsk.

834 781 54 19 1885
920 779 130 26 fullmäktig
1080 780 34 19 för
1145 779 112 26 Lappvesi
1288 779 115 24 domsaga.

803 810 77 25 Suppl.
899 810 6 19 i
923 809 120 21 Statsutsk.

834 840 53 19 1891
903 839 130 25 fullmäktig
1046 839 35 20 för
1095 839 112 25 Lappvesi
1221 839 115 24 domsaga.
1351 838 52 19 Led.

804 869 4 20 i
824 869 51 20 Bev.
891 869 58 20 utsk.

834 899 54 20 1900
899 898 130 25 fullmäktig
1040 898 35 20 för
1086 897 113 27 Lappvesi
1209 898 115 25 domsaga.
1351 897 52 20 Led.

804 928 4 20 i
826 928 125 20 Bankutsk.

800 989 146 26 Colliander,
964 988 59 23 Otto
1039 988 140 25 Immanuel,

804 1034 13 20 f.
839 1035 61 19 1848.
936 1034 85 25 Biskop
1042 1034 5 19 i
1069 1033 90 26 Kuopio
1180 1033 55 23 stift,
1257 1034 55 19 1899
1333 1033 6 20 i
1360 1032 43 26 Ny-

802 1064 63 20 slotts
882 1064 53 20 stift.

833 1094 54 20 1897
904 1093 5 20 i
924 1093 172 26 prästeständet.

806 1124 23 18 12
845 1120 75 26 febr).

832 1153 55 19 1899
899 1152 5 20 i
917 1151 172 27 prästeständet.

1127 1092 78 26 Suppl.
1221 1092 6 20 i
1242 1092 107 25 Lagutsk.
1367 1088 36 28 (fr.

1118 1152 78 25 Suppl.
1209 1153 6 19 i
1228 1150 173 21 Talmanskonf.

832 1182 55 20 1900
907 1182 4 20 i
932 1181 172 26 prästeståndet.
1140 1181 148 20 Vicetalman.
1324 1180 51 21 Led.
1396 1180 6 19 i

801 1211 173 21 Talmanskonf.

832 1239 91 26 1904/05
937 1241 6 20 i
958 1240 172 26 prästeståndet.
1161 1240 77 26 Suppl
1253 1240 5 20 i
1273 1240 62 19 först.
1350 1240 51 20 Bev.

802 1271 58 20 utsk.

833 1298 92 27 1905/06
942 1300 5 20 i
964 1300 173 25 prästeständet.

801 1361 87 27 Collin,
906 1361 54 23 Carl
977 1361 86 27 Oskar,

805 1406 14 20 f.
834 1407 61 19 1857.
908 1405 109 21 Filosofie
1027 1405 111 21 kandidat
1151 1405 63 20 1880.
1227 1404 181 26 Jurisutriusgue

804 1436 110 19 kandidat
928 1436 61 23 1885,
1002 1434 238 25 vicehäradshöfding.
1252 1434 155 20 Possessionat

805 1465 27 26 pä
851 1465 135 26 Pyhäniemi
1003 1465 6 20 i
1028 1465 97 20 Hollola.

838 1496 53 19 1882
909 1494 170 26 stenografchef
1095 1494 5 20 i
1117 1493 174 27 prästeständet.

837 1525 54 19 1885
906 1524 170 24 stenografchef
1090 1524 6 20 i
1111 1522 181 26 borgarständet.

804 1580 151 26 Costiander,
972 1580 110 26 Torsten,

806 1625 14 19 f.
835 1625 62 23 1831,
909 1622 14 24 t
937 1624 62 20 1904.
1027 1620 111 27 Öfverste,
1151 1623 154 26 possessionat
1316 1622 29 26 pä
1357 1623 52 20 Not-

806 1654 33 25 sjö
856 1654 6 20 i
877 1654 100 20 Urdiala.

837 1684 55 20 1882
918 1682 131 26 fullmäktig
1072 1683 35 19 för
1132 1682 136 20 Sääksmäki
1293 1682 116 25 domsaga.

808 1714 51 19 Led.
875 1713 6 19 i
897 1712 126 20 Bankutsk.
